
@incollection {MR3840240,
    AUTHOR = {Brzozowski, Janusz A. and Davies, Sylvie},
     TITLE = {Most complex deterministic union-free regular languages},
 BOOKTITLE = {Descriptional complexity of formal systems},
    SERIES = {Lecture Notes in Comput. Sci.},
    VOLUME = {10952},
     PAGES = {37--48},
 PUBLISHER = {Springer, Cham},
      YEAR = {2018},
      ISBN = {978-3-319-94631-3; 978-3-319-94630-6},
   MRCLASS = {68Q45 (68Q19)},
  MRNUMBER = {3840240},
       DOI = {10.1007/978-3-319-94631-3\_4},
       URL = {https://doi.org/10.1007/978-3-319-94631-3_4},
}
@ARTICLE{5390997,
  author={Chaitin, G. J.},
  journal={IBM Journal of Research and Development}, 
  title={Algorithmic Information Theory}, 
  year={1977},
  volume={21},
  number={4},
  pages={350-359},
  doi={10.1147/rd.214.0350}}
@book {MR1438307,
    AUTHOR = {Li, Ming and Vit\'{a}nyi, Paul},
     TITLE = {An introduction to {K}olmogorov complexity and its
              applications},
    SERIES = {Graduate Texts in Computer Science},
   EDITION = {Second},
 PUBLISHER = {Springer-Verlag, New York},
      YEAR = {1997},
     PAGES = {xx+637},
      ISBN = {0-387-94868-6},
   MRCLASS = {68Q30 (68-02)},
  MRNUMBER = {1438307},
       DOI = {10.1007/978-1-4757-2606-0},
       URL = {https://doi-org.eres.library.manoa.hawaii.edu/10.1007/978-1-4757-2606-0},
}

@book{greenberg2023aspects,
  title={Aspects of Computation and Automata Theory with Applications},
  author={Greenberg, N. and Jain, S. and Ng, K.M. and Schewe, S. and Stephan, F.C. and Wu, G. and Yang, Y.},
  isbn={9789811278624},
  lccn={2023024536},
  series={G - Reference,Information and Interdisciplinary Subjects Series},
  url={https://books.google.com/books?id=ZLUC0AEACAAJ},
  year={2023},
  publisher={WORLD SCIENTIFIC Publishing Company Incorporated}
}

@article {MR3454815,
    AUTHOR = {Alikhani, Malihe and Kjos-Hanssen, Bj{\o}rn and Pakravan,
              Amirarsalan and Saadat, Babak},
     TITLE = {Pricing complexity options},
   JOURNAL = {Algorithmic Finance},
  FJOURNAL = {Algorithmic Finance},
    VOLUME = {4},
      YEAR = {2015},
    NUMBER = {3-4},
     PAGES = {127--137},
      ISSN = {2158-5571,2157-6203},
   MRCLASS = {91G20},
  MRNUMBER = {3454815},
       DOI = {10.3233/AF-150050},
       URL = {https://doi.org/10.3233/AF-150050},
}
@MISC {416328,
    TITLE = {Unpublished result of Rosser in Sieve Methods book},
    AUTHOR = {Lucia (https://mathoverflow.net/users/38624/lucia)},
    HOWPUBLISHED = {MathOverflow},
    NOTE = {URL:https://mathoverflow.net/q/416328 (version: 2022-02-16)},
    EPRINT = {https://mathoverflow.net/q/416328},
    URL = {https://mathoverflow.net/q/416328}
}

@incollection {MR3943965,
    AUTHOR = {Beros, Achilles A. and Kjos-Hanssen, Bj{\o}rn and Yogi, Daylan
              Kaui},
     TITLE = {Planar digraphs for automatic complexity},
 BOOKTITLE = {Theory and applications of models of computation},
    SERIES = {Lecture Notes in Comput. Sci.},
    VOLUME = {11436},
     PAGES = {59--73},
 PUBLISHER = {Springer, Cham},
      YEAR = {2019},
      ISBN = {978-3-030-14812-6; 978-3-030-14811-9},
   MRCLASS = {68R10 (68Q45)},
  MRNUMBER = {3943965},
       DOI = {10.1007/978-3-030-14812-6\_5},
       URL = {https://doi.org/10.1007/978-3-030-14812-6_5},
}
@book {MR2400985,
    AUTHOR = {Goldreich, Oded},
     TITLE = {Computational complexity},
      NOTE = {A conceptual perspective},
 PUBLISHER = {Cambridge University Press, Cambridge},
      YEAR = {2008},
     PAGES = {xxiv+606},
      ISBN = {978-0-521-88473-0},
   MRCLASS = {68-01 (03D15 68Q15 68Q17 68Q25 94A60 94A62)},
  MRNUMBER = {2400985},
MRREVIEWER = {Gerhard\ Lischke},
       DOI = {10.1017/CBO9780511804106},
       URL = {https://doi.org/10.1017/CBO9780511804106},
}
@article {MR972671,
    AUTHOR = {Cai, Jin-Yi and Gundermann, Thomas and Hartmanis, Juris and
              Hemachandra, Lane A. and Sewelson, Vivian and Wagner, Klaus
              and Wechsung, Gerd},
     TITLE = {The {B}oolean hierarchy. {I}. {S}tructural properties},
   JOURNAL = {SIAM J. Comput.},
  FJOURNAL = {SIAM Journal on Computing},
    VOLUME = {17},
      YEAR = {1988},
    NUMBER = {6},
     PAGES = {1232--1252},
      ISSN = {0097-5397},
     CODEN = {SMJCAT},
   MRCLASS = {68Q15 (03D15 03D55)},
  MRNUMBER = {972671 (90e:68035)},
MRREVIEWER = {Gerhard Lischke},
       DOI = {10.1137/0217078},
       URL = {http://dx.doi.org/10.1137/0217078},
}

@incollection {MR821265,
    AUTHOR = {Wechsung, Gerd},
     TITLE = {On the {B}oolean closure of {NP}},
 BOOKTITLE = {Fundamentals of computation theory ({C}ottbus, 1985)},
    SERIES = {Lecture Notes in Comput. Sci.},
    VOLUME = {199},
     PAGES = {485--493},
 PUBLISHER = {Springer, Berlin},
      YEAR = {1985},
   MRCLASS = {03D15 (68Q15)},
  MRNUMBER = {821265},
       DOI = {10.1007/BFb0028832},
       URL = {http://dx.doi.org/10.1007/BFb0028832},
}
@article {MR0931403,
    AUTHOR = {Koppel, Moshe},
     TITLE = {Complexity, depth, and sophistication},
   JOURNAL = {Complex Systems},
  FJOURNAL = {Complex Systems},
    VOLUME = {1},
      YEAR = {1987},
    NUMBER = {6},
     PAGES = {1087--1091},
      ISSN = {0891-2513},
   MRCLASS = {68Q15},
  MRNUMBER = {931403},
}
@article {MR0895040,
    AUTHOR = {Bennett, Charles H.},
     TITLE = {On the nature and origin of complexity in discrete,
              homogeneous, locally-interacting systems},
   JOURNAL = {Found. Phys.},
  FJOURNAL = {Foundations of Physics. An International Journal Devoted to
              the Conceptual Bases and Fundamental Theories of Modern
              Physics},
    VOLUME = {16},
      YEAR = {1986},
    NUMBER = {6},
     PAGES = {585--592},
      ISSN = {0015-9018,1572-9516},
   MRCLASS = {92A05},
  MRNUMBER = {895040},
       DOI = {10.1007/BF01886523},
       URL = {https://doi.org/10.1007/BF01886523},
}
@MISC {29483,
    TITLE = {Is finding a solution of a satisfiability problem harder than deciding satisfiability?},
    AUTHOR = {Kyle Jones (https://cs.stackexchange.com/users/114/kyle-jones)},
    HOWPUBLISHED = {Computer Science Stack Exchange},
    NOTE = {URL:https://cs.stackexchange.com/q/29483 (version: 2021-09-12)},
    EPRINT = {https://cs.stackexchange.com/q/29483},
    URL = {https://cs.stackexchange.com/q/29483}
}
@incollection {MR4074827,
    AUTHOR = {Jordon, Liam and Moser, Philippe},
     TITLE = {On the difference between finite-state and pushdown depth},
 BOOKTITLE = {S{OFSEM} 2020: theory and practice of computer science},
    SERIES = {Lecture Notes in Comput. Sci.},
    VOLUME = {12011},
     PAGES = {187--198},
 PUBLISHER = {Springer, Cham},
      YEAR = {[2020] \copyright 2020},
      ISBN = {978-3-030-38919-2; 978-3-030-38918-5},
   MRCLASS = {68Q30 (68Q45)},
  MRNUMBER = {4074827},
       DOI = {10.1007/978-3-030-38919-2\_16},
       URL = {https://doi.org/10.1007/978-3-030-38919-2_16},
}
@article {MR2074967,
    AUTHOR = {Barbanchon, R\'{e}gis},
     TITLE = {On unique graph 3-colorability and parsimonious reductions in
              the plane},
   JOURNAL = {Theoret. Comput. Sci.},
  FJOURNAL = {Theoretical Computer Science},
    VOLUME = {319},
      YEAR = {2004},
    NUMBER = {1-3},
     PAGES = {455--482},
      ISSN = {0304-3975,1879-2294},
   MRCLASS = {68Q25 (05C15 68Q15 68R10)},
  MRNUMBER = {2074967},
MRREVIEWER = {J\"{o}rg\ Rothe},
       DOI = {10.1016/j.tcs.2004.02.003},
       URL = {https://doi.org/10.1016/j.tcs.2004.02.003},
}
@article{MR3386523,
	Author = {Hyde, Kayleigh K. and Kjos-Hanssen, Bj{\o}rn},
	Fjournal = {Electronic Journal of Combinatorics},
	Issn = {1077-8926},
	Journal = {Electron. J. Combin.},
	Mrclass = {68R15 (68Q05 68Q30)},
	Mrnumber = {3386523},
	Mrreviewer = {Marius Zimand},
	Number = {3},
	Note = {Paper 3.22, 18},
	Title = {Nondeterministic automatic complexity of overlap-free and almost square-free words},
	Volume = {22},
	Year = {2015}}

@article {MR1897300,
    AUTHOR = {Shallit, Jeffrey and Wang, Ming-Wei},
     TITLE = {Automatic complexity of strings},
      NOTE = {2nd Workshop on Descriptional Complexity of Automata, Grammars
              and Related Structures (London, ON, 2000)},
   JOURNAL = {J. Autom. Lang. Comb.},
  FJOURNAL = {Journal of Automata, Languages and Combinatorics},
    VOLUME = {6},
      YEAR = {2001},
    NUMBER = {4},
     PAGES = {537--554},
      ISSN = {1430-189X},
   MRCLASS = {68R15 (68Q30)},
  MRNUMBER = {1897300 (2003h:68110)},
MRREVIEWER = {Marius Zimand},
}

@article{Yato2003ComplexityAC,
  title={Complexity and Completeness of Finding Another Solution and Its Application to Puzzles},
  author={Takayuki Yato and Takahiro Seta},
  journal={IEICE Trans. Fundam. Electron. Commun. Comput. Sci.},
  year={2003},
  volume={86-A},
  pages={1052-1060},
  url={https://api.semanticscholar.org/CorpusID:17154424}
}
@book{10.5555/31027,
author = {Papadimitriou, Christos H. and Steiglitz, Kenneth},
title = {Combinatorial Optimization: Algorithms and Complexity},
year = {1982},
isbn = {0131524623},
publisher = {Prentice-Hall, Inc.},
address = {USA}
}
@article {MR4222693,
    AUTHOR = {Hudry, Olivier and Lobstein, Antoine},
     TITLE = {Complexity of unique (optimal) solutions in graphs: vertex
              cover and domination},
   JOURNAL = {J. Combin. Math. Combin. Comput.},
  FJOURNAL = {Journal of Combinatorial Mathematics and Combinatorial
              Computing},
    VOLUME = {110},
      YEAR = {2019},
     PAGES = {217--240},
      ISSN = {0835-3026},
   MRCLASS = {05C70 (05C69 05C85 68R10)},
  MRNUMBER = {4222693},
}
@article {MR0727739,
    AUTHOR = {Blass, Andreas and Gurevich, Yuri},
     TITLE = {On the unique satisfiability problem},
   JOURNAL = {Inform. and Control},
  FJOURNAL = {Information and Control},
    VOLUME = {55},
      YEAR = {1982},
    NUMBER = {1-3},
     PAGES = {80--88},
      ISSN = {0019-9958},
   MRCLASS = {68Q15 (03B05 03D15 68Q25)},
  MRNUMBER = {727739},
MRREVIEWER = {E.\ Dantzin},
       DOI = {10.1016/S0019-9958(82)90439-9},
       URL = {https://doi.org/10.1016/S0019-9958(82)90439-9},
}
@incollection {MR1011473,
    AUTHOR = {Bennett, Charles H.},
     TITLE = {Logical depth and physical complexity},
 BOOKTITLE = {The universal {T}uring machine: a half-century survey},
    SERIES = {Oxford Sci. Publ.},
     PAGES = {227--257},
 PUBLISHER = {Oxford Univ. Press, New York},
      YEAR = {1988},
      ISBN = {0-19-853741-7},
   MRCLASS = {03D15 (68Q15 82A99)},
  MRNUMBER = {1011473},
}@article{LINGG2023106427,
title = {Learning from Positive and Negative Examples: New Proof for Binary Alphabets},
journal = {Information Processing Letters},
note = {106427},
year = {2023},
issn = {0020-0190},
doi = {https://doi.org/10.1016/j.ipl.2023.106427},
url = {https://www.sciencedirect.com/science/article/pii/S0020019023000704},
author = {Jonas Lingg and Mateus {de Oliveira Oliveira} and Petra Wolf},
keywords = {Learning Automata, Computational Complexity, Finite Samples},
abstract = {One of the most fundamental problems in computational learning theory is the problem of learning a finite automaton A consistent with a finite set P of positive examples and with a finite set N of negative examples. By consistency, we mean that A accepts all strings in P and rejects all strings in N. It is well known that this problem is NP-complete. In the literature, it is stated that NP-hardness holds even in the case of a binary alphabet. As a standard reference for this theorem, the work of Gold from 1978 is either cited or adapted. Nevertheless, the results in Gold's work are stated in terms of Mealy machines, and not in terms of deterministic finite automata (DFAs) as most commonly defined. As Mealy machines are equipped with an output function, they can be more compact than DFAs which accept the same language. We show that the adaptations of Gold's construction for Mealy machines stated in the literature have some issues, and provide a correct proof for the fact that the DFA-consistency problem for binary alphabets is NP-complete.}
}

@article{DBLP:journals/corr/abs-2206-10025,
  author       = {Jonas Lingg and
                  Mateus de Oliveira Oliveira and
                  Petra Wolf},
  title        = {Learning from Positive and Negative Examples: New Proof for Binary
                  Alphabets},
  journal      = {CoRR},
  volume       = {abs/2206.10025},
  year         = {2022},
  url          = {https://doi.org/10.48550/arXiv.2206.10025},
  doi          = {10.48550/arXiv.2206.10025},
  eprinttype    = {arXiv},
  eprint       = {2206.10025},
  timestamp    = {Mon, 27 Jun 2022 16:51:57 +0200},
  biburl       = {https://dblp.org/rec/journals/corr/abs-2206-10025.bib},
  bibsource    = {dblp computer science bibliography, https://dblp.org}
}
@incollection {MR4485492,
    AUTHOR = {Lingg, Jonas and de Oliveira Oliveira, Mateus and Wolf, Petra},
     TITLE = {Learning from positive and negative examples: dichotomies and
              parameterized algorithms},
 BOOKTITLE = {Combinatorial algorithms},
    SERIES = {Lecture Notes in Comput. Sci.},
    VOLUME = {13270},
     PAGES = {398--411},
 PUBLISHER = {Springer, Cham},
      YEAR = {[2022] \copyright 2022},
      ISBN = {978-3-031-06677-1; 978-3-031-06678-8},
   MRCLASS = {68Q32},
  MRNUMBER = {4485492},
       DOI = {10.1007/978-3-031-06678-8\_29},
       URL = {https://doi.org/10.1007/978-3-031-06678-8_29},
}

@article {MR0495194,
    AUTHOR = {Gold, E. Mark},
     TITLE = {Complexity of automaton identification from given data},
   JOURNAL = {Inform. and Control},
  FJOURNAL = {Information and Control},
    VOLUME = {37},
      YEAR = {1978},
    NUMBER = {3},
     PAGES = {302--320},
      ISSN = {0019-9958},
   MRCLASS = {68A20 (94A30)},
  MRNUMBER = {495194},
MRREVIEWER = {Klaus\ W.\ Wagner},
       DOI = {10.1016/S0019-9958(78)90562-4},
       URL = {https://doi.org/10.1016/S0019-9958(78)90562-4},
}

@book {MR2654165,
    AUTHOR = {de la Higuera, Colin},
     TITLE = {Grammatical inference},
      NOTE = {Learning automata and grammars},
 PUBLISHER = {Cambridge University Press, Cambridge},
      YEAR = {2010},
     PAGES = {xiv+417},
      ISBN = {978-0-521-76316-5},
   MRCLASS = {68Q32 (68-02 68Q45 68T05)},
  MRNUMBER = {2654165},
MRREVIEWER = {Henning\ Fernau},
       DOI = {10.1017/CBO9781139194655},
       URL = {https://doi.org/10.1017/CBO9781139194655},
}

@article {MR3305960,
    AUTHOR = {Fernau, Henning and Heggernes, Pinar and Villanger, Yngve},
     TITLE = {A multi-parameter analysis of hard problems on deterministic
              finite automata},
   JOURNAL = {J. Comput. System Sci.},
  FJOURNAL = {Journal of Computer and System Sciences},
    VOLUME = {81},
      YEAR = {2015},
    NUMBER = {4},
     PAGES = {747--765},
      ISSN = {0022-0000,1090-2724},
   MRCLASS = {68Q17 (68Q25 68Q32 68Q45)},
  MRNUMBER = {3305960},
MRREVIEWER = {Andreas\ Maletti},
       DOI = {10.1016/j.jcss.2014.12.027},
       URL = {https://doi.org/10.1016/j.jcss.2014.12.027},
}

%separator

@MISC {247929,
    TITLE = {Longest runs and concentration of measure},
    AUTHOR = {Anthony Quas},
    HOWPUBLISHED = {MathOverflow},
	YEAR = {2016},
    NOTE = {URL:https://mathoverflow.net/q/247929 (version: 2016-08-21)},
    URL = {https://mathoverflow.net/q/247929}
}

@article{cd-J,
show = 1,
author = "H. Buhrman and L. Fortnow and S. Laplante",
title = "Resource-Bounded {Kolmogorov} Complexity Revisited",
journal = sicomp,
url = "https://dx.doi.org/10.1137/S009753979834388X",
doi = "10.1137/S009753979834388X",
year = 2002,
volume = 31,
number = 3,
pages = "887-905",
url_Paper = "https://lance.fortnow.com/papers/files/cd.pdf"}

@article {MR0172744,
    AUTHOR = {Solomonoff, R. J.},
     TITLE = {A formal theory of inductive inference. {I}},
   JOURNAL = {Information and Control},
  FJOURNAL = {Information and Computation},
    VOLUME = {7},
      YEAR = {1964},
     PAGES = {1--22},
      ISSN = {0890-5401},
   MRCLASS = {94.40 (62.05)},
  MRNUMBER = {0172744},
MRREVIEWER = {F. Safier},
}
@article {MR0172745,
    AUTHOR = {Solomonoff, R. J.},
     TITLE = {A formal theory of inductive inference. {II}},
   JOURNAL = {Information and Control},
  FJOURNAL = {Information and Computation},
    VOLUME = {7},
      YEAR = {1964},
     PAGES = {224--254},
      ISSN = {0890-5401},
   MRCLASS = {94.40 (62.05)},
  MRNUMBER = {0172745},
MRREVIEWER = {F. Safier},
}

@article {MR0243922,
    AUTHOR = {Kolmogorov, A. N.},
     TITLE = {Three approaches to the quantitative definition of
              information},
   JOURNAL = {Internat. J. Comput. Math.},
  FJOURNAL = {International Journal of Computer Mathematics. Section A.
              Programming Theory and Methods. Section B. Computational
              Methods},
    VOLUME = {2},
      YEAR = {1968},
     PAGES = {157--168},
      ISSN = {0020-7160},
   MRCLASS = {94.20},
  MRNUMBER = {0243922},
       DOI = {10.1080/00207166808803030},
       URL = {https://doi.org/10.1080/00207166808803030},
}

@article {MR0184801,
    AUTHOR = {Kolmogorov, A. N.},
     TITLE = {Three approaches to the definition of the concept ``quantity
              of information''},
   JOURNAL = {Problemy Pereda\v{c}i Informacii},
  FJOURNAL = {Akademiya Nauk SSSR. Institut Problem Peredachi Informatsii
              Akademii Nauk SSSR. Problemy Peredachi Informatsii},
    VOLUME = {1},
      YEAR = {1965},
    NUMBER = {vyp. 1},
     PAGES = {3--11},
      ISSN = {0555-2923},
   MRCLASS = {94.20},
  MRNUMBER = {0184801},
MRREVIEWER = {J. Wolfowitz},
}

@article{CGPPY:98,
	author = {Crescenzi, Pierluigi and Goldman, Deborah and Papadimitriou, Christos and Piccolboni, Antonio and Yannakakis, Mihalis},
	year = {1998},
	month = {02},
	pages = {423-65},
	title = {On the Complexity of Protein Folding},
	volume = {5},
	journal = {Journal of Computational Biology : a journal of computational molecular cell biology},
	doi = {10.1089/cmb.1998.5.423}
}

@inproceedings{DBLP:conf/fsttcs/JordonM21,
  author    = {Liam Jordon and
               Philippe Moser},
  editor    = {Mikolaj Bojanczyk and
               Chandra Chekuri},
  title     = {Normal Sequences with Non-Maximal Automatic Complexity},
  booktitle = {41st {IARCS} Annual Conference on Foundations of Software Technology
               and Theoretical Computer Science, {FSTTCS} 2021, December 15-17, 2021,
               Virtual Conference},
  series    = {LIPIcs},
  volume    = {213},
  pages     = {47:1--47:16},
  publisher = {Schloss Dagstuhl - Leibniz-Zentrum f{\"{u}}r Informatik},
  year      = {2021},
  url       = {https://doi.org/10.4230/LIPIcs.FSTTCS.2021.47},
  doi       = {10.4230/LIPIcs.FSTTCS.2021.47},
  timestamp = {Tue, 30 Nov 2021 17:09:35 +0100},
  biburl    = {https://dblp.org/rec/conf/fsttcs/JordonM21.bib},
  bibsource = {dblp computer science bibliography, https://dblp.org}
}

@inproceedings{Sipser:1983:CTA:800061.808762,
 author = {Sipser, Michael},
 title = {A Complexity Theoretic Approach to Randomness},
 booktitle = {Proceedings of the Fifteenth Annual ACM Symposium on Theory of Computing},
 series = {STOC '83},
 year = {1983},
 isbn = {0-89791-099-0},
 pages = {330--335},
 numpages = {6},
 url = {http://doi.acm.org/10.1145/800061.808762},
 doi = {10.1145/800061.808762},
 acmid = {808762},
 publisher = {ACM},
 address = {New York, NY, USA},
} 

@misc{lookup,
  author = {Bj{\o}rn Kjos-Hanssen},
  title = {Complexity Lookup},
  Howpublished = {\url{http://math.hawaii.edu/wordpress/bjoern/complexity-of-0110100110010110/}}
}

@misc{mrx05,
	Author = {Jin S. Choi},
	Howpublished = {\url{http://oeis.org/A152061}},
	Title = {Counts of unique periodic binary strings of length n},
	Year = {2011}}

@misc{vaneck,
	Author = {N.J.A.~Sloane},
	Howpublished = {\url{https://oeis.org/A181391}},
	Title = {Van Eck's sequence},
	Year = {2010}}

@misc{collatz,
	Author = {N.J.A.~Sloane},
	Howpublished = {\url{https://oeis.org/A006577}},
	Title = {Number of halving and tripling steps to reach 1 in '3x+1' problem, or -1 if 1 is never reached},
	Year = {1991}}

@misc{cellular,
	Author = {Robert Price},
	Howpublished = {\url{https://oeis.org/A266895}},
	Title = {Middle column of the "Rule 75" elementary cellular automaton starting with a single ON (black) cell},
	Year = {2016}}




@article {MR0064049,
    AUTHOR = {Lyndon, R. C.},
     TITLE = {On {B}urnside's problem},
   JOURNAL = {Trans. Amer. Math. Soc.},
  FJOURNAL = {Transactions of the American Mathematical Society},
    VOLUME = {77},
      YEAR = {1954},
     PAGES = {202--215},
      ISSN = {0002-9947},
   MRCLASS = {20.0X},
  MRNUMBER = {0064049},
MRREVIEWER = {P. Hall},
       DOI = {10.2307/1990868},
       URL = {https://doi.org/10.2307/1990868},
}

@misc{COG,
  author = {Bj{\o}rn Kjos-Hanssen},
  title = {Complexity Option Game},
  Howpublished = {\url{http://math.hawaii.edu/wordpress/bjoern/complexity-option-game/}}
}

@misc{bitbucket,
        author = {Kjos-Hanssen, Bj{\o}rn},
        title = {Code repository for ``{F}ew paths, fewer words: model selection with automatic structure functions''},
        howpublished={\url{https://bitbucket.org/bjoernkjoshanssen/automatic-complexity}},
        day = {30},
        month = {March},
        year = {2017}
}

@book {Rissanen,
    AUTHOR = {Rissanen, Jorma},
     TITLE = {Information and complexity in statistical modeling},
    SERIES = {Information Science and Statistics},
 PUBLISHER = {Springer, New York},
      YEAR = {2007},
     PAGES = {viii+142},
      ISBN = {978-0-387-36610-4; 0-387-36610-5},
   MRCLASS = {62-01 (60G10 60J10 62B10 62M10 94A15 94A17)},
  MRNUMBER = {2287233},
MRREVIEWER = {Ioannis Kontoyiannis},
}

@book {MR3184540,
    AUTHOR = {Fujie, Futaba and Zhang, Ping},
     TITLE = {Covering walks in graphs},
    SERIES = {SpringerBriefs in Mathematics},
 PUBLISHER = {Springer, New York},
      YEAR = {2014},
     PAGES = {xiv+110},
      ISBN = {978-1-4939-0304-7; 978-1-4939-0305-4},
   MRCLASS = {05-02 (05C38 05C45)},
  MRNUMBER = {3184540},
       DOI = {10.1007/978-1-4939-0305-4},
       URL = {https://doi.org/10.1007/978-1-4939-0305-4},
}
@book {MR1119781,
    AUTHOR = {Clark, John and Holton, Derek Allan},
     TITLE = {A first look at graph theory},
 PUBLISHER = {World Scientific Publishing Co., Inc., Teaneck, NJ},
      YEAR = {1991},
     PAGES = {xvi+330},
      ISBN = {981-02-0489-2; 981-02-0490-6},
   MRCLASS = {05Cxx},
  MRNUMBER = {1119781},
MRREVIEWER = {Vojislav\ Petrovic},
       DOI = {10.1142/1280},
       URL = {https://doi.org/10.1142/1280},
}
@article {MR0092797,
    AUTHOR = {Skolem, Th.},
     TITLE = {On certain distributions of integers in pairs with given
              differences},
   JOURNAL = {Math. Scand.},
  FJOURNAL = {Mathematica Scandinavica},
    VOLUME = {5},
      YEAR = {1957},
     PAGES = {57--68},
      ISSN = {0025-5521,1903-1807},
   MRCLASS = {10.0X},
  MRNUMBER = {92797},
MRREVIEWER = {H.\ Davenport},
       DOI = {10.7146/math.scand.a-10490},
       URL = {https://doi.org/10.7146/math.scand.a-10490},
}
@book{DBLP:books/aw/Knuth68,
  author       = {Donald E. Knuth},
  title        = {The Art of Computer Programming, Volume {I:} Fundamental Algorithms},
  publisher    = {Addison-Wesley},
  year         = {1968},
  timestamp    = {Thu, 03 Jan 2002 11:51:07 +0100},
  biburl       = {https://dblp.org/rec/books/aw/Knuth68.bib},
  bibsource    = {dblp computer science bibliography, https://dblp.org}
}

@book{DBLP:books/aw/Knuth73a,
  author       = {Donald E. Knuth},
  title        = {The Art of Computer Programming, Volume {I:} Fundamental Algorithms,
                  2nd Edition},
  publisher    = {Addison-Wesley},
  year         = {1973},
  url          = {https://www.worldcat.org/oclc/310903895},
  isbn         = {0201038218},
  timestamp    = {Fri, 17 Jul 2020 16:12:45 +0200},
  biburl       = {https://dblp.org/rec/books/aw/Knuth73a.bib},
  bibsource    = {dblp computer science bibliography, https://dblp.org}
}

@article{doi:10.1137/0206024,
author = {Knuth, Donald E. and Morris, Jr., James H. and Pratt, Vaughan R.},
title = {Fast Pattern Matching in Strings},
journal = {SIAM Journal on Computing},
volume = {6},
number = {2},
pages = {323-350},
year = {1977},
doi = {10.1137/0206024},

URL = { 
    
        https://doi.org/10.1137/0206024
    
    

},
eprint = { 
    
        https://doi.org/10.1137/0206024
    
    

}
,
    abstract = { An algorithm is presented which finds all occurrences of one given string within another, in running time proportional to the sum of the lengths of the strings. The constant of proportionality is low enough to make this algorithm of practical use, and the procedure can also be extended to deal with some more general pattern-matching problems. A theoretical application of the algorithm shows that the set of concatenations of even palindromes, i.e., the language \$\{\alpha \alpha ^R\}^*\$, can be recognized in linear time. Other algorithms which run even faster on the average are also considered. }
}

@article{fibfact,
author = {Ramírez, José and Rubiano, Gustavo},
year = {2014},
month = {01},
pages = {},
title = {Properties and Generalizations of the {F}ibonacci Word Fractal},
volume = {16},
journal = {The Mathematica Journal},
doi = {10.3888/tmj.16-2}
}

@misc{zhang2023sizes,
      title={On the sizes of generalized cactus graphs}, 
      author={Licheng Zhang and Yuanqiu Huang},
      year={2023},
      eprint={2307.08039},
      archivePrefix={arXiv},
      primaryClass={math.CO}
}
@article {MR2213550,
    AUTHOR = {Nagy, Benedek},
     TITLE = {Union-free regular languages and 1-cycle-free-path-automata},
   JOURNAL = {Publ. Math. Debrecen},
  FJOURNAL = {Publicationes Mathematicae Debrecen},
    VOLUME = {68},
      YEAR = {2006},
    NUMBER = {1-2},
     PAGES = {183--197},
      ISSN = {0033-3883,2064-2849},
   MRCLASS = {68Q45},
  MRNUMBER = {2213550},
       DOI = {10.5486/pmd.2006.3303},
       URL = {https://doi.org/10.5486/pmd.2006.3303},
}

@article {MR3938583,
    AUTHOR = {Kjos-Hanssen, Bj{\o}rn},
     TITLE = {Few paths, fewer words: model selection with automatic
              structure functions},
   JOURNAL = {Exp. Math.},
  FJOURNAL = {Experimental Mathematics},
    VOLUME = {28},
      YEAR = {2019},
    NUMBER = {1},
     PAGES = {121--127},
      ISSN = {1058-6458},
   MRCLASS = {68Q30 (62A01 62B10)},
  MRNUMBER = {3938583},
MRREVIEWER = {Gilles Teyssi\`ere},
       DOI = {10.1080/10586458.2017.1368048},
       URL = {https://doi.org/10.1080/10586458.2017.1368048},
}

@article {MR2142071,
    AUTHOR = {Rampersad, Narad and Shallit, Jeffrey and Wang, Ming-wei},
     TITLE = {Avoiding large squares in infinite binary words},
   JOURNAL = {Theoret. Comput. Sci.},
  FJOURNAL = {Theoretical Computer Science},
    VOLUME = {339},
      YEAR = {2005},
    NUMBER = {1},
     PAGES = {19--34},
      ISSN = {0304-3975},
     CODEN = {TCSDI},
   MRCLASS = {68R15 (05A05)},
  MRNUMBER = {2142071 (2006c:68151)},
MRREVIEWER = {V{\'e}ronique Bruy{\`e}re},
       DOI = {10.1016/j.tcs.2005.01.005},
       URL = {http://dx.doi.org/10.1016/j.tcs.2005.01.005},
}

@article {MR1897300,
    AUTHOR = {Shallit, Jeffrey and Wang, Ming-Wei},
     TITLE = {Automatic complexity of strings},
      NOTE = {2nd Workshop on Descriptional Complexity of Automata, Grammars
              and Related Structures (London, ON, 2000)},
   JOURNAL = {J. Autom. Lang. Comb.},
  FJOURNAL = {Journal of Automata, Languages and Combinatorics},
    VOLUME = {6},
      YEAR = {2001},
    NUMBER = {4},
     PAGES = {537--554},
      ISSN = {1430-189X},
   MRCLASS = {68R15 (68Q30)},
  MRNUMBER = {1897300 (2003h:68110)},
MRREVIEWER = {Marius Zimand},
}

@article {MR4313562,
    AUTHOR = {Kjos-Hanssen, Bj{\o}rn},
     TITLE = {An incompressibility theorem for automatic complexity},
   JOURNAL = {Forum Math. Sigma},
  FJOURNAL = {Forum of Mathematics. Sigma},
    VOLUME = {9},
      YEAR = {2021},
     PAGES = {Paper No. e62, 7},
      ISSN = {2050-5094},
   MRCLASS = {68Q45 (68Q30)},
  MRNUMBER = {4313562},
MRREVIEWER = {Amin\ Farjudian},
       DOI = {10.1017/fms.2021.58},
       URL = {https://doi.org/10.1017/fms.2021.58},
}

@book{Shallit:2008:SCF:1434864,
 author = {Shallit, Jeffrey},
 title = {A Second Course in Formal Languages and Automata Theory},
 year = {2008},
 isbn = {0521865727, 9780521865722},
 edition = {1},
 publisher = {Cambridge University Press},
 address = {New York, NY, USA},
} 

@article {MR2103495,
    AUTHOR = {Li, Ming and Chen, Xin and Li, Xin and Ma, Bin and Vit\'{a}nyi,
              Paul M. B.},
     TITLE = {The similarity metric},
   JOURNAL = {IEEE Trans. Inform. Theory},
  FJOURNAL = {Institute of Electrical and Electronics Engineers.
              Transactions on Information Theory},
    VOLUME = {50},
      YEAR = {2004},
    NUMBER = {12},
     PAGES = {3250--3264},
      ISSN = {0018-9448},
   MRCLASS = {68P30 (05A05 68Q30 92D20)},
  MRNUMBER = {2103495},
       DOI = {10.1109/TIT.2004.838101},
       URL = {https://doi.org/10.1109/TIT.2004.838101},
}

@article {MR0403800,
    AUTHOR = {Ga\v{c}, P.},
     TITLE = {The symmetry of algorithmic information},
   JOURNAL = {Dokl. Akad. Nauk SSSR},
  FJOURNAL = {Doklady Akademii Nauk SSSR},
    VOLUME = {218},
      YEAR = {1974},
     PAGES = {1265--1267},
      ISSN = {0002-3264},
   MRCLASS = {94A15 (68A20)},
  MRNUMBER = {0403800},
MRREVIEWER = {G. Wechsung},
}

@article {MR1873931,
    AUTHOR = {G\'{a}cs, P\'{e}ter and Tromp, John T. and Vit\'{a}nyi, Paul M. B.},
     TITLE = {Algorithmic statistics},
   JOURNAL = {IEEE Trans. Inform. Theory},
  FJOURNAL = {Institute of Electrical and Electronics Engineers.
              Transactions on Information Theory},
    VOLUME = {47},
      YEAR = {2001},
    NUMBER = {6},
     PAGES = {2443--2463},
      ISSN = {0018-9448},
   MRCLASS = {68Q30 (62A01 62B10 94A15)},
  MRNUMBER = {1873931},
MRREVIEWER = {M. I. Dekhtyar},
       DOI = {10.1109/18.945257},
       URL = {https://doi-org.eres.library.manoa.hawaii.edu/10.1109/18.945257},
}

@ARTICLE{1188572,
  author={Shannon, C.},
  journal={Transactions of the IRE Professional Group on Information Theory}, 
  title={The lattice theory of information}, 
  year={1953},
  volume={1},
  number={1},
  pages={105-107},
  doi={10.1109/TIT.1953.1188572}}

@article {MR345715,
    AUTHOR = {Horibe, Yasuichi},
     TITLE = {A note on entropy metrics},
   JOURNAL = {Information and Control},
  FJOURNAL = {Information and Control},
    VOLUME = {22},
      YEAR = {1973},
     PAGES = {403--404},
      ISSN = {0019-9958},
   MRCLASS = {94A15},
  MRNUMBER = {345715},
MRREVIEWER = {I. J. Good},
}

@article {MR4521608,
    AUTHOR = {Kjos-Hanssen, Bj{\o}rn},
     TITLE = {Interpolating between the {J}accard distance and an analogue
              of the normalized information distance},
   JOURNAL = {J. Logic Comput.},
  FJOURNAL = {Journal of Logic and Computation},
    VOLUME = {32},
      YEAR = {2022},
    NUMBER = {8},
     PAGES = {1611--1623},
      ISSN = {0955-792X},
   MRCLASS = {54E25 (54E35 68Q30)},
  MRNUMBER = {4521608},
       DOI = {10.1093/logcom/exac069},
       URL = {https://doi-org.eres.library.manoa.hawaii.edu/10.1093/logcom/exac069},
}
@phdthesis{Birns23,
author={Samuel Birns},
title={On the distribution of complexities of finite words, with connections to constructive immunity},
year={2023},
school={University of Hawai\textquoteleft i at M\=anoa}
}

@proceedings{DBLP:conf/cade/2015,
  editor       = {Amy P. Felty and
                  Aart Middeldorp},
  title        = {Automated Deduction - {CADE-25} - 25th International Conference on
                  Automated Deduction, Berlin, Germany, August 1-7, 2015, Proceedings},
  series       = {Lecture Notes in Computer Science},
  volume       = {9195},
  publisher    = {Springer},
  year         = {2015},
  url          = {https://doi.org/10.1007/978-3-319-21401-6},
  doi          = {10.1007/978-3-319-21401-6},
  isbn         = {978-3-319-21400-9},
  timestamp    = {Tue, 14 May 2019 10:00:39 +0200},
  biburl       = {https://dblp.org/rec/conf/cade/2015.bib},
  bibsource    = {dblp computer science bibliography, https://dblp.org}
}
@inproceedings{conf/cade/MouraKADR15,
  added-at = {2017-05-21T00:00:00.000+0200},
  author = {de Moura, Leonardo Mendonça and Kong, Soonho and Avigad, Jeremy and van Doorn, Floris and von Raumer, Jakob},
  biburl = {https://www.bibsonomy.org/bibtex/2d040cca1a430f5fdff2fc3da7ef43c4e/dblp},
  booktitle = {CADE},
  crossref = {conf/cade/2015},
  editor = {Felty, Amy P. and Middeldorp, Aart},
  ee = {https://doi.org/10.1007/978-3-319-21401-6_26},
  interhash = {c7d34dd8a3cfc0e30272dbe35c8faa66},
  intrahash = {d040cca1a430f5fdff2fc3da7ef43c4e},
  isbn = {978-3-319-21400-9},
  keywords = {dblp},
  pages = {378-388},
  publisher = {Springer},
  series = {Lecture Notes in Computer Science},
  timestamp = {2019-05-15T18:56:21.000+0200},
  title = {The {L}ean {T}heorem {P}rover ({S}ystem {D}escription).},
  url = {http://dblp.uni-trier.de/db/conf/cade/cade2015.html#MouraKADR15},
  volume = 9195,
  year = 2015
}

@COMMENT { BibTex package created from National Library of Australia Catalogue https://catalogue.nla.gov.au  }
@Book{ nla.cat-vn1535872,
author = { Kepler, Johannes, },
title = { The six-cornered snowflake; [edited and translated from the Latin by Colin Hardie, with essays by L.L. Whyte and B.F.J. Mason] },
publisher = { Clarendon P Oxford },
pages = { xvi, 75 p. },
year = { 1966 (original: 1611 AD) },
type = { Book },
language = { English },
subjects = { Snowflakes. },
life-dates = { 1966 -  },
catalogue-url = { https://nla.gov.au/nla.cat-vn1535872 },
}

@book{S4CS,
	title={Statistics for Calculus Students},
	author={Kjos-Hanssen, Bj{\o}rn and Birns, Samuel D.},
	year={2019},
	publisher={Open Educational Resources, Outreach College},
	address={University of Hawai\textquoteleft i at M\=anoa}
}

@article {MR1959967,
    AUTHOR = {Kjos-Hanssen, Bj{\o}rn},
     TITLE = {Local initial segments of the {T}uring degrees},
   JOURNAL = {Bull. Symbolic Logic},
  FJOURNAL = {The Bulletin of Symbolic Logic},
    VOLUME = {9},
      YEAR = {2003},
    NUMBER = {1},
     PAGES = {26--36},
      ISSN = {1079-8986},
   MRCLASS = {03D25 (03D28)},
  MRNUMBER = {1959967},
MRREVIEWER = {Lei Qian},
       DOI = {10.2178/bsl/1046288724},
       URL = {https://doi-org.eres.library.manoa.hawaii.edu/10.2178/bsl/1046288724},
}
@article {MR3463401,
    AUTHOR = {Calude, Cristian S. and Staiger, Ludwig and Stephan, Frank},
     TITLE = {Finite state incompressible infinite sequences},
   JOURNAL = {Inform. and Comput.},
  FJOURNAL = {Information and Computation},
    VOLUME = {247},
      YEAR = {2016},
     PAGES = {23--36},
      ISSN = {0890-5401},
   MRCLASS = {68Q30 (03D32 68Q45)},
  MRNUMBER = {3463401},
MRREVIEWER = {Elvira Mayordomo},
       DOI = {10.1016/j.ic.2015.11.003},
       URL = {https://doi-org.eres.library.manoa.hawaii.edu/10.1016/j.ic.2015.11.003},
}
@incollection {MR3710106,
    AUTHOR = {Shen, Alexander},
     TITLE = {Automatic {K}olmogorov complexity and normality revisited},
 BOOKTITLE = {Fundamentals of computation theory},
    SERIES = {Lecture Notes in Comput. Sci.},
    VOLUME = {10472},
     PAGES = {418--430},
 PUBLISHER = {Springer, Berlin},
      YEAR = {2017},
   MRCLASS = {68Q30 (11K16)},
  MRNUMBER = {3710106},
       DOI = {10.1007/978-3-662-55751-8},
       URL = {https://doi-org.eres.library.manoa.hawaii.edu/10.1007/978-3-662-55751-8},
}
@article {MR2019613,
    AUTHOR = {Dai, Jack J. and Lathrop, James I. and Lutz, Jack H. and
              Mayordomo, Elvira},
     TITLE = {Finite-state dimension},
   JOURNAL = {Theoret. Comput. Sci.},
  FJOURNAL = {Theoretical Computer Science},
    VOLUME = {310},
      YEAR = {2004},
    NUMBER = {1-3},
     PAGES = {1--33},
      ISSN = {0304-3975},
   MRCLASS = {68Q45 (28A80 37C45 60G42 68P30)},
  MRNUMBER = {2019613},
MRREVIEWER = {Mark R. Jerrum},
       DOI = {10.1016/S0304-3975(03)00244-5},
       URL = {https://doi-org.eres.library.manoa.hawaii.edu/10.1016/S0304-3975(03)00244-5},
}
@book {MR4273297,
    AUTHOR = {Ebbinghaus, Heinz-Dieter and Flum, J\"{o}rg and Thomas, Wolfgang},
     TITLE = {Mathematical logic},
    SERIES = {Graduate Texts in Mathematics},
    VOLUME = {291},
      NOTE = {Third edition [of  0736838]},
 PUBLISHER = {Springer, Cham},
      YEAR = {[2021] \copyright 2021},
     PAGES = {ix+304},
      ISBN = {978-3-030-73838-9; 978-3-030-73839-6},
   MRCLASS = {03-01},
  MRNUMBER = {4273297},
       DOI = {10.1007/978-3-030-73839-6},
       URL = {https://doi-org.eres.library.manoa.hawaii.edu/10.1007/978-3-030-73839-6},
}
@book {MR2567276,
    AUTHOR = {Sakarovitch, Jacques},
     TITLE = {Elements of automata theory},
      NOTE = {Translated from the 2003 French original by Reuben Thomas},
 PUBLISHER = {Cambridge University Press, Cambridge},
      YEAR = {2009},
     PAGES = {xxiv+758},
      ISBN = {978-0-521-84425-3},
   MRCLASS = {68-02 (20M35 37B15 68Q45 68Q70)},
  MRNUMBER = {2567276},
MRREVIEWER = {Peter R. J. Asveld},
       DOI = {10.1017/CBO9781139195218},
       URL = {https://doi-org.eres.library.manoa.hawaii.edu/10.1017/CBO9781139195218},
}
@article {MR1505176,
    AUTHOR = {Lucas, Edouard},
     TITLE = {Theorie des {F}onctions {N}umeriques {S}implement
              {P}eriodiques},
   JOURNAL = {Amer. J. Math.},
  FJOURNAL = {American Journal of Mathematics},
    VOLUME = {1},
      YEAR = {1878},
    NUMBER = {4},
     PAGES = {289--321},
      ISSN = {0002-9327},
   MRCLASS = {DML},
  MRNUMBER = {1505176},
       DOI = {10.2307/2369373},
       URL = {https://doi-org.eres.library.manoa.hawaii.edu/10.2307/2369373},
}
@article {MR1505164,
    AUTHOR = {Lucas, Edouard},
     TITLE = {Theorie des {F}onctions {N}umeriques {S}implement
              {P}eriodiques. [{C}ontinued]},
   JOURNAL = {Amer. J. Math.},
  FJOURNAL = {American Journal of Mathematics},
    VOLUME = {1},
      YEAR = {1878},
    NUMBER = {3},
     PAGES = {197--240},
      ISSN = {0002-9327},
   MRCLASS = {DML},
  MRNUMBER = {1505164},
       DOI = {10.2307/2369311},
       URL = {https://doi-org.eres.library.manoa.hawaii.edu/10.2307/2369311},
}
		
@article {MR1505161,
    AUTHOR = {Lucas, Edouard},
     TITLE = {Theorie des {F}onctions {N}umeriques {S}implement
              {P}eriodiques},
   JOURNAL = {Amer. J. Math.},
  FJOURNAL = {American Journal of Mathematics},
    VOLUME = {1},
      YEAR = {1878},
    NUMBER = {2},
     PAGES = {184--196},
      ISSN = {0002-9327},
   MRCLASS = {DML},
  MRNUMBER = {1505161},
       DOI = {10.2307/2369308},
       URL = {https://doi-org.eres.library.manoa.hawaii.edu/10.2307/2369308},
}
@article {MR157926,
    AUTHOR = {Vinson, John},
     TITLE = {The relation of the period modulo to the rank of apparition of
              {$m$} in the {F}ibonacci sequence},
   JOURNAL = {Fibonacci Quart.},
  FJOURNAL = {The Fibonacci Quarterly. Official Organ of the Fibonacci
              Association},
    VOLUME = {1},
      YEAR = {1963},
    NUMBER = {2},
     PAGES = {37--45},
      ISSN = {0015-0517},
   MRCLASS = {10.61 (10.07)},
  MRNUMBER = {157926},
MRREVIEWER = {D. P. Banerjee},
}
@article {MR120188,
    AUTHOR = {Wall, D. D.},
     TITLE = {Fibonacci series modulo {$m$}},
   JOURNAL = {Amer. Math. Monthly},
  FJOURNAL = {American Mathematical Monthly},
    VOLUME = {67},
      YEAR = {1960},
     PAGES = {525--532},
      ISSN = {0002-9890},
   MRCLASS = {10.00},
  MRNUMBER = {120188},
MRREVIEWER = {W. H. Simons},
       DOI = {10.2307/2309169},
       URL = {https://doi-org.eres.library.manoa.hawaii.edu/10.2307/2309169},
}
%start of quantum

@article{cite-key,
	Abstract = {It is believed that the native folded three-dimensional conformation of a protein is its lowest free energy state, or one of its lowest. It is shown here that both a two-and three-dimensional mathematical model describing the folding process as a free energy minimization problems is NP-hard. This means that the problem belongs to a large set of computational problems, assumed to be very hard (``conditionally intractable''). Some of the possible ramifications of this results are speculated upon.},
	Author = {Fraenkel, Aviezri S. },
	Da = {1993/11/01},
	Date-Added = {2020-07-22 07:26:15 -1000},
	Date-Modified = {2020-07-22 07:26:15 -1000},
	Doi = {10.1007/BF02460704},
	Id = {Fraenkel1993},
	Isbn = {1522-9602},
	Journal = {Bulletin of Mathematical Biology},
	Number = {6},
	Pages = {1199--1210},
	Title = {Complexity of protein folding},
	Ty = {JOUR},
	Url = {https://doi.org/10.1007/BF02460704},
	Volume = {55},
	Year = {1993},
	Bdsk-Url-1 = {https://doi.org/10.1007/BF02460704}}

@online {20488,
     TITLE = {Why are free groups residually finite?},
     AUTHOR = {Keivan Karai},
     HOWPUBLISHED = {MathOverflow},
     NOTE = {Version: 2010-04-06},
     URL = {http://mathoverflow.net/q/20488}
 }

@online{tao,
author={Terence Tao},
title={245B, notes 2: Amenability, the ping-pong lemma, and the Banach-Tarski paradox (optional)},
url={https://terrytao.wordpress.com/2009/01/08/245b-notes-2-amenability-the-ping-pong-lemma-and-the-banach-tarski-paradox-optional/#more-1354},
}

@article {MR0022557,
    AUTHOR = {Sanov, I. N.},
     TITLE = {A property of a representation of a free group},
   JOURNAL = {Doklady Akad. Nauk SSSR (N. S.)},
    VOLUME = {57},
      YEAR = {1947},
     PAGES = {657--659},
   MRCLASS = {20.0X},
  MRNUMBER = {0022557},
MRREVIEWER = {M. Hall, Jr.},
}

@online{eigen,
  author={Robert Lewis},
  title={If every vector is an eigenvector, the operator must be a scalar multiple of the identity operator?},
  howpublished={MathOverflow},
  url={http://math.stackexchange.com/questions/1090362/if-every-vector-is-an-eigenvector-the-operator-must-be-a-scalar-multiple-of-the},
}

@article {MR745,
    AUTHOR = {Morse, Marston and Hedlund, Gustav A.},
     TITLE = {Symbolic dynamics {II}. {S}turmian trajectories},
   JOURNAL = {Amer. J. Math.},
  FJOURNAL = {American Journal of Mathematics},
    VOLUME = {62},
      YEAR = {1940},
     PAGES = {1--42},
      ISSN = {0002-9327},
   MRCLASS = {70.1X},
  MRNUMBER = {745},
MRREVIEWER = {C. B. Tompkins},
       DOI = {10.2307/2371431},
       URL = {https://doi.org/10.2307/2371431},
}
@misc{qchu,
author={Yuan, Qiaochu},
title={$SU(2)$ and the quaternions},
year={2011},
month={2},
day={12},
url={https://qchu.wordpress.com/2011/02/12/su2-and-the-quaternions/},
}

 @misc{wiki:xxx,
   author = "Wikipedia",
   title = "{R}otation group {S}{O}(3) --- {W}ikipedia{,} {T}he {F}ree {E}ncyclopedia",
   year = "2017",
   url = "https://en.wikipedia.org/w/index.php?title=Rotation_group_SO(3)&oldid=781644311",
   note = "[Accessed 25-May-2017]"
 }

@article {MR3043070,
    AUTHOR = {Thom, Andreas},
     TITLE = {Convergent sequences in discrete groups},
   JOURNAL = {Canad. Math. Bull.},
  FJOURNAL = {Canadian Mathematical Bulletin. Bulletin Canadien de
              Math\'ematiques},
    VOLUME = {56},
      YEAR = {2013},
    NUMBER = {2},
     PAGES = {424--433},
      ISSN = {0008-4395},
   MRCLASS = {54H11},
  MRNUMBER = {3043070},
MRREVIEWER = {Hossein Sahleh},
       DOI = {10.4153/CMB-2011-155-3},
       URL = {http://dx.doi.org/10.4153/CMB-2011-155-3},
}

@article {MR1284564,
    AUTHOR = {{\'S}wierczkowski, S.},
     TITLE = {A class of free rotation groups},
   JOURNAL = {Indag. Math. (N.S.)},
  FJOURNAL = {Koninklijke Nederlandse Akademie van Wetenschappen.
              Indagationes Mathematicae. New Series},
    VOLUME = {5},
      YEAR = {1994},
    NUMBER = {2},
     PAGES = {221--226},
      ISSN = {0019-3577},
   MRCLASS = {51F25 (20H20)},
  MRNUMBER = {1284564},
MRREVIEWER = {E. W. Ellers},
       DOI = {10.1016/0019-3577(94)90026-4},
       URL = {http://dx.doi.org/10.1016/0019-3577(94)90026-4},
}

@article {MR0096732,
    AUTHOR = {{\'S}wierczkowski, S.},
     TITLE = {On a free group of rotations of the {E}uclidean space},
   JOURNAL = {Nederl. Akad. Wetensch. Proc. Ser. A 61 = Indag. Math.},
    VOLUME = {20},
      YEAR = {1958},
     PAGES = {376--378},
   MRCLASS = {20.00},
  MRNUMBER = {0096732},
MRREVIEWER = {H. S. M. Coxeter},
}

@ARTICLE{2017arXiv170109060S,
   author = {{Shen}, A.},
    title = "{Automatic Kolmogorov complexity and normality revisited}",
  journal = {ArXiv e-prints},
archivePrefix = "arXiv",
   eprint = {1701.09060},
 primaryClass = "cs.IT",
 keywords = {Computer Science - Information Theory, Computer Science - Formal Languages and Automata Theory, 68Q45, F.1.1},
     year = 2017,
    month = jan,
   adsurl = {http://adsabs.harvard.edu/abs/2017arXiv170109060S},
  adsnote = {Provided by the SAO/NASA Astrophysics Data System}
}

@online{tribi,
  author={Krishna Mohan Parattu and Akın Wingerter},
  title={Tribimaximal Mixing From Small Groups},
    url={https://arxiv.org/pdf/1012.2842v2.pdf},
   year={2011},
}
@inproceedings{Kondacs,
  author    = {Attila Kondacs and
               John Watrous},
  title     = {On the Power of Quantum Finite State Automata},
  booktitle = {38th Annual Symposium on Foundations of Computer Science, {FOCS} '97,
               Miami Beach, Florida, USA, October 19-22, 1997},
  pages     = {66--75},
  year      = {1997},
  crossref  = {DBLP:conf/focs/1997},
  url       = {http://dx.doi.org/10.1109/SFCS.1997.646094},
  doi       = {10.1109/SFCS.1997.646094},
  timestamp = {Tue, 16 Dec 2014 09:57:24 +0100},
  biburl    = {http://dblp2.uni-trier.de/rec/bib/conf/focs/KondacsW97},
  bibsource = {dblp computer science bibliography, http://dblp.org}
}

@article {MR3828751,
    AUTHOR = {Kjos-Hanssen, Bj{\o}rn},
     TITLE = {Automatic complexity of shift register sequences},
   JOURNAL = {Discrete Math.},
  FJOURNAL = {Discrete Mathematics},
    VOLUME = {341},
      YEAR = {2018},
    NUMBER = {9},
     PAGES = {2409--2417},
      ISSN = {0012-365X},
   MRCLASS = {68Q19 (68Q30 68Q45 68R15 94A55)},
  MRNUMBER = {3828751},
MRREVIEWER = {Juan Andr\'{e}s Montoya},
       DOI = {10.1016/j.disc.2018.05.015},
       URL = {https://doi.org/10.1016/j.disc.2018.05.015},
}
@article {Jordan,
    AUTHOR = {Jordan, Camille},
     TITLE = {M\'emoire sur les \'equations diff\'erentielles lin\'eaires \`a int\'egrale  alg\'ebrique},
   JOURNAL = {J. Reine Angew. Math.},
  FJOURNAL = {Journal f\"ur die Reine und Angewandte Mathematik. [Crelle's
              Journal]},
    VOLUME = {84},
      YEAR = {1878},
     PAGES = {89--215},
} it may have been 1877, see http://www.emis.de/cgi-bin/JFM-item?09.0234.01 but Collins' 2008 abstract says 1878.

@MISC {278923,
    TITLE = {Unique words in dihedral groups},
    AUTHOR = {Luc Guyot (https://mathoverflow.net/users/84349/luc-guyot)},
    HOWPUBLISHED = {MathOverflow},
    NOTE = {URL:https://mathoverflow.net/q/278923 (version: 2017-08-18)},
    EPRINT = {https://mathoverflow.net/q/278923},
    URL = {https://mathoverflow.net/q/278923}
}

@incollection {MR3668337,
    AUTHOR = {Kjos-Hanssen, Bj{\o}rn},
     TITLE = {Superposition as memory: unlocking quantum automatic
              complexity},
 BOOKTITLE = {Unconventional computation and natural computation},
    SERIES = {Lecture Notes in Comput. Sci.},
    VOLUME = {10240},
     PAGES = {160--169},
 PUBLISHER = {Springer, Cham},
      YEAR = {2017},
   MRCLASS = {68Q12 (68Q45)},
  MRNUMBER = {3668337},
       DOI = {10.1007/978-3-319-58187-3_12},
       URL = {https://doi.org/10.1007/978-3-319-58187-3_12},
}

@MISC {304138,
    TITLE = {Cayley graph of ${A}_5$ with generators $(1,2,3,4,5),(1,4,3,2,5)$},
    AUTHOR = {Bj{\o}rn Kjos-Hanssen (https://mathoverflow.net/users/4600/)},
    HOWPUBLISHED = {MathOverflow},
    NOTE = {URL:https://mathoverflow.net/q/304138 (version: 2020-01-01)},
    EPRINT = {https://mathoverflow.net/q/304138},
    URL = {https://mathoverflow.net/q/304138}
}

@MISC {372714,
    TITLE = {Group action with unique word},
    AUTHOR = {Anthony Quas (https://mathoverflow.net/users/11054/anthony-quas)},
    HOWPUBLISHED = {MathOverflow},
    NOTE = {URL:https://mathoverflow.net/q/372714 (version: 2020-09-27)},
    EPRINT = {https://mathoverflow.net/q/372714},
    URL = {https://mathoverflow.net/q/372714}
}

@article {MR1511802,
    AUTHOR = {Hausdorff, F.},
     TITLE = {Bemerkung \"uber den {I}nhalt von {P}unktmengen},
   JOURNAL = {Math. Ann.},
  FJOURNAL = {Mathematische Annalen},
    VOLUME = {75},
      YEAR = {1914},
    NUMBER = {3},
     PAGES = {428--433},
      ISSN = {0025-5831},
     CODEN = {MAANA},
   MRCLASS = {Contributed Item},
  MRNUMBER = {1511802},
       DOI = {10.1007/BF01563735},
       URL = {http://dx.doi.org/10.1007/BF01563735},
}

@book{GMS:63,
	Address = {New York},
	Author = {Gelʹfand, I. M. and Minlos, R. A. and Shapiro, Z. Ya,},
	Date = {1963///},
	Publisher = {Macmillan},
	Title = {Representations of the rotation and Lorentz groups and their applications},
	Year = {1963},
}

@book {MR0114876,
    AUTHOR = {Gel$\prime$fand, I. M. and Minlos, R. A. and \v Sapiro, Z. Ja.},
     TITLE = {{{P}redstavleniya gruppy vrashcheni i gruppy {L}orentsa,
              ikh primeneniya}},
 PUBLISHER = {Gosudarstv. Izdat. Fiz.-Mat. Lit., Moscow},
      YEAR = {1958},
     PAGES = {368},
   MRCLASS = {22.00},
  MRNUMBER = {0114876},
MRREVIEWER = {G. W. Mackey},
}

@article {MR3389924,
    AUTHOR = {Becher, Ver\'onica and Carton, Olivier and Heiber, Pablo Ariel},
     TITLE = {Normality and automata},
   JOURNAL = {J. Comput. System Sci.},
  FJOURNAL = {Journal of Computer and System Sciences},
    VOLUME = {81},
      YEAR = {2015},
    NUMBER = {8},
     PAGES = {1592--1613},
      ISSN = {0022-0000},
   MRCLASS = {68Q45 (11K16 94A15)},
  MRNUMBER = {3389924},
MRREVIEWER = {Michel Rigo},
       DOI = {10.1016/j.jcss.2015.04.007},
       URL = {http://dx.doi.org/10.1016/j.jcss.2015.04.007},
}
@article {MR2866563,
    AUTHOR = {Calude, Cristian S. and Salomaa, Kai and Roblot, Tania K.},
     TITLE = {Finite state complexity},
   JOURNAL = {Theoret. Comput. Sci.},
  FJOURNAL = {Theoretical Computer Science},
    VOLUME = {412},
      YEAR = {2011},
    NUMBER = {41},
     PAGES = {5668--5677},
      ISSN = {0304-3975},
     CODEN = {TCSDI},
   MRCLASS = {68Q45 (68Q30)},
  MRNUMBER = {2866563},
       DOI = {10.1016/j.tcs.2011.06.021},
       URL = {http://dx.doi.org/10.1016/j.tcs.2011.06.021},
}
@article {MR2381807,
    AUTHOR = {Collins, Michael J.},
     TITLE = {Bounds for finite primitive complex linear groups},
   JOURNAL = {J. Algebra},
  FJOURNAL = {Journal of Algebra},
    VOLUME = {319},
      YEAR = {2008},
    NUMBER = {2},
     PAGES = {759--776},
      ISSN = {0021-8693},
   MRCLASS = {20H20},
  MRNUMBER = {2381807},
MRREVIEWER = {Dane L. Flannery},
       DOI = {10.1016/j.jalgebra.2005.11.042},
       URL = {http://dx.doi.org/10.1016/j.jalgebra.2005.11.042},
}

Note November 11, 2016:
The at-online with url=... works well with BibTeX and style IEEEtran, the at-misc works well with BibLaTeX.

%end of quantum

@article {MR3712310,
    AUTHOR = {Kjos-Hanssen, Bj{\o}rn},
     TITLE = {On the complexity of automatic complexity},
   JOURNAL = {Theory Comput. Syst.},
  FJOURNAL = {Theory of Computing Systems},
    VOLUME = {61},
      YEAR = {2017},
    NUMBER = {4},
     PAGES = {1427--1439},
      ISSN = {1432-4350},
   MRCLASS = {68Q45 (03D05)},
  MRNUMBER = {3712310},
MRREVIEWER = {Juan Andr\'{e}s Montoya},
       DOI = {10.1007/s00224-017-9795-4},
       URL = {https://doi-org.eres.library.manoa.hawaii.edu/10.1007/s00224-017-9795-4},
}
@incollection {MR3943965,
    AUTHOR = {Beros, Achilles A. and Kjos-Hanssen, Bj{\o}rn and Yogi, Daylan
              Kaui},
     TITLE = {Planar digraphs for automatic complexity},
 BOOKTITLE = {Theory and applications of models of computation},
    SERIES = {Lecture Notes in Comput. Sci.},
    VOLUME = {11436},
     PAGES = {59--73},
 PUBLISHER = {Springer, Cham},
      YEAR = {2019},
   MRCLASS = {68R10 (68Q45)},
  MRNUMBER = {3943965},
       DOI = {10.1007/978-3-030-14812-6\_5},
       URL = {https://doi-org.eres.library.manoa.hawaii.edu/10.1007/978-3-030-14812-6_5},
}
@article {MR4184339,
    AUTHOR = {Kjos-Hanssen, Bj{\o}rn},
     TITLE = {Automatic complexity of {F}ibonacci and {T}ribonacci words},
   JOURNAL = {Discrete Appl. Math.},
  FJOURNAL = {Discrete Applied Mathematics. The Journal of Combinatorial
              Algorithms, Informatics and Computational Sciences},
    VOLUME = {289},
      YEAR = {2021},
     PAGES = {446--454},
      ISSN = {0166-218X},
   MRCLASS = {68Q45 (68Q30)},
  MRNUMBER = {4184339},
MRREVIEWER = {Amin Farjudian},
       DOI = {10.1016/j.dam.2020.10.014},
       URL = {https://doi.org/10.1016/j.dam.2020.10.014},
}
@article {MR2316392,
    AUTHOR = {Krieger, Dalia},
     TITLE = {On critical exponents in fixed points of non-erasing
              morphisms},
   JOURNAL = {Theoret. Comput. Sci.},
  FJOURNAL = {Theoretical Computer Science},
    VOLUME = {376},
      YEAR = {2007},
    NUMBER = {1-2},
     PAGES = {70--88},
      ISSN = {0304-3975},
   MRCLASS = {68Q42 (05A05)},
  MRNUMBER = {2316392},
       DOI = {10.1016/j.tcs.2007.01.020},
       URL = {https://doi.org/10.1016/j.tcs.2007.01.020},
}
@article {MR3705668,
    AUTHOR = {Kozen, Dexter and Silva, Alexandra},
     TITLE = {Practical coinduction},
   JOURNAL = {Math. Structures Comput. Sci.},
  FJOURNAL = {Mathematical Structures in Computer Science. A Journal in the
              Applications of Categorical, Algebraic and Geometric Methods
              in Computer Science},
    VOLUME = {27},
      YEAR = {2017},
    NUMBER = {7},
     PAGES = {1132--1152},
      ISSN = {0960-1295},
   MRCLASS = {68Q65},
  MRNUMBER = {3705668},
       DOI = {10.1017/S0960129515000493},
       URL = {https://doi.org/10.1017/S0960129515000493},
}@book {MR1824028,
    AUTHOR = {Sagan, Bruce E.},
     TITLE = {The symmetric group},
    SERIES = {Graduate Texts in Mathematics},
    VOLUME = {203},
   EDITION = {Second},
      NOTE = {Representations, combinatorial algorithms, and symmetric
              functions},
 PUBLISHER = {Springer-Verlag, New York},
      YEAR = {2001},
     PAGES = {xvi+238},
      ISBN = {0-387-95067-2},
   MRCLASS = {05E10 (05E05 20C30)},
  MRNUMBER = {1824028},
       DOI = {10.1007/978-1-4757-6804-6},
       URL = {https://doi.org/10.1007/978-1-4757-6804-6},
}
@book {MR1129886,
    AUTHOR = {Artin, Michael},
     TITLE = {Algebra},
 PUBLISHER = {Prentice Hall, Inc., Englewood Cliffs, NJ},
      YEAR = {1991},
     PAGES = {xviii+618},
      ISBN = {0-13-004763-5},
   MRCLASS = {00A05 (11-01 12-01 13-01 15-01 16-01 20-01)},
  MRNUMBER = {1129886},
MRREVIEWER = {Gerald J. Janusz},
}
@article {MR935892,
    AUTHOR = {Coquand, Thierry and Huet, G\'{e}rard},
     TITLE = {The calculus of constructions},
   JOURNAL = {Inform. and Comput.},
  FJOURNAL = {Information and Computation},
    VOLUME = {76},
      YEAR = {1988},
    NUMBER = {2-3},
     PAGES = {95--120},
      ISSN = {0890-5401},
   MRCLASS = {68Q55 (03B15 03B35 03B40 03B70)},
  MRNUMBER = {935892},
MRREVIEWER = {R. P. Nederpelt},
       DOI = {10.1016/0890-5401(88)90005-3},
       URL = {https://doi.org/10.1016/0890-5401(88)90005-3},
}

@book {MR2517689,
    AUTHOR = {Simpson, Stephen G.},
     TITLE = {Subsystems of second order arithmetic},
    SERIES = {Perspectives in Logic},
   EDITION = {Second},
 PUBLISHER = {Cambridge University Press, Cambridge; Association for
              Symbolic Logic, Poughkeepsie, NY},
      YEAR = {2009},
     PAGES = {xvi+444},
      ISBN = {978-0-521-88439-6},
   MRCLASS = {03F35 (03-02 03B30)},
  MRNUMBER = {2517689},
       DOI = {10.1017/CBO9780511581007},
       URL = {https://doi.org/10.1017/CBO9780511581007},
}

@book {MR1707295,
    AUTHOR = {Ganter, Bernhard and Wille, Rudolf},
     TITLE = {Formal concept analysis},
      NOTE = {Mathematical foundations,
              Translated from the 1996 German original by Cornelia Franzke},
 PUBLISHER = {Springer-Verlag, Berlin},
      YEAR = {1999},
     PAGES = {x+284},
      ISBN = {3-540-62771-5},
   MRCLASS = {06-02 (08A02 68P15)},
  MRNUMBER = {1707295},
MRREVIEWER = {T. S. Blyth},
       DOI = {10.1007/978-3-642-59830-2},
       URL = {https://doi.org/10.1007/978-3-642-59830-2},
}
		
@book {MR1715047,
    AUTHOR = {Ganter, Bernhard and Wille, Rudolf},
     TITLE = {Formale {B}egriffsanalyse},
      NOTE = {Mathematische Grundlagen. [Mathematical foundations]},
 PUBLISHER = {Springer-Verlag, Berlin},
      YEAR = {1996},
     PAGES = {x+286},
      ISBN = {3-540-60868-0},
   MRCLASS = {06-02 (08A02 68P15)},
  MRNUMBER = {1715047},
MRREVIEWER = {T. S. Blyth},
       DOI = {10.1007/978-3-642-61450-7},
       URL = {https://doi.org/10.1007/978-3-642-61450-7},
}

@article {MR3141741,
    AUTHOR = {Renault, Marc},
     TITLE = {The period, rank, and order of the {$(a,b)$}-{F}ibonacci
              sequence {${\rm mod}\, m$}},
   JOURNAL = {Math. Mag.},
  FJOURNAL = {Mathematics Magazine},
    VOLUME = {86},
      YEAR = {2013},
    NUMBER = {5},
     PAGES = {372--380},
      ISSN = {0025-570X},
   MRCLASS = {11B39},
  MRNUMBER = {3141741},
MRREVIEWER = {Mark Bollman},
       DOI = {10.4169/math.mag.86.5.372},
       URL = {https://doi.org/10.4169/math.mag.86.5.372},
}
@article {MR1542088,
    AUTHOR = {Freyd, Peter and Brown, Kevin S.},
     TITLE = {Problems and {S}olutions: {S}olutions: {E}3410},
   JOURNAL = {Amer. Math. Monthly},
  FJOURNAL = {American Mathematical Monthly},
    VOLUME = {99},
      YEAR = {1992},
    NUMBER = {3},
     PAGES = {278--279},
      ISSN = {0002-9890},
   MRCLASS = {DML},
  MRNUMBER = {1542088},
       DOI = {10.2307/2325076},
       URL = {https://doi.org/10.2307/2325076},
}

@book {MR645539,
    AUTHOR = {Hopcroft, John E. and Ullman, Jeffrey D.},
     TITLE = {Introduction to automata theory, languages, and computation},
    SERIES = {Addison-Wesley Series in Computer Science},
 PUBLISHER = {Addison-Wesley Publishing Co., Reading, Mass.},
      YEAR = {1979},
     PAGES = {x+418},
      ISBN = {0-201-02988-X},
   MRCLASS = {68-01 (03-01 03Dxx 68D05 68F05)},
  MRNUMBER = {645539},
MRREVIEWER = {S. Istrail},
}

@book{sipser2012introduction,
  title={Introduction to the Theory of Computation},
  author={Sipser, M.},
  isbn={9781285401065},
  url={https://books.google.com/books?id=1aMKAAAAQBAJ},
  year={2012},
  publisher={Cengage Learning}
}

@book {MR2839729,
    AUTHOR = {Schimmerling, Ernest},
     TITLE = {A course on set theory},
 PUBLISHER = {Cambridge University Press, Cambridge},
      YEAR = {2011},
     PAGES = {x+168},
      ISBN = {978-1-107-40048-1},
   MRCLASS = {03-01},
  MRNUMBER = {2839729},
       DOI = {10.1017/CBO9780511996351},
       URL = {https://doi.org/10.1017/CBO9780511996351},
}

@article {MR296043,
    AUTHOR = {Iwaniec, H.},
     TITLE = {On the error term in the linear sieve},
   JOURNAL = {Acta Arith.},
  FJOURNAL = {Polska Akademia Nauk. Instytut Matematyczny. Acta Arithmetica},
    VOLUME = {19},
      YEAR = {1971},
     PAGES = {1--30},
      ISSN = {0065-1036},
   MRCLASS = {10H30},
  MRNUMBER = {296043},
MRREVIEWER = {H.-E. Richert},
       DOI = {10.4064/aa-19-1-1-30},
       URL = {https://doi.org/10.4064/aa-19-1-1-30},
}
@book {MR0424730,
    AUTHOR = {Halberstam, H. and Richert, H.-E.},
     TITLE = {Sieve methods},
    SERIES = {London Mathematical Society Monographs, No. 4},
 PUBLISHER = {Academic Press [Harcourt Brace Jovanovich, Publishers],
              London-New York},
      YEAR = {1974},
     PAGES = {xiv+364 pp. (loose errata)},
   MRCLASS = {10H30},
  MRNUMBER = {0424730},
MRREVIEWER = {J. W. Porter},
}

@book {MR1406794,
    AUTHOR = {Bach, Eric and Shallit, Jeffrey},
     TITLE = {Algorithmic number theory. {V}ol. 1},
    SERIES = {Foundations of Computing Series},
      NOTE = {Efficient algorithms},
 PUBLISHER = {MIT Press, Cambridge, MA},
      YEAR = {1996},
     PAGES = {xvi+512},
      ISBN = {0-262-02405-5},
   MRCLASS = {11Yxx},
  MRNUMBER = {1406794},
MRREVIEWER = {Heinrich Rolletschek},
}
@book {MR2572804,
    AUTHOR = {Cormen, Thomas H. and Leiserson, Charles E. and Rivest, Ronald
              L. and Stein, Clifford},
     TITLE = {Introduction to algorithms},
   EDITION = {Third},
 PUBLISHER = {MIT Press, Cambridge, MA},
      YEAR = {2009},
     PAGES = {xx+1292},
      ISBN = {978-0-262-03384-8},
   MRCLASS = {68-01 (05-01 05C85 68P05 68P10 68Q25 68Wxx)},
  MRNUMBER = {2572804},
}
@incollection {MR3668337,
    AUTHOR = {Kjos-Hanssen, Bj{\o}rn},
     TITLE = {Superposition as memory: unlocking quantum automatic
              complexity},
 BOOKTITLE = {Unconventional computation and natural computation},
    SERIES = {Lecture Notes in Comput. Sci.},
    VOLUME = {10240},
     PAGES = {160--169},
 PUBLISHER = {Springer, Cham},
      YEAR = {2017},
   MRCLASS = {68Q12 (68Q45)},
  MRNUMBER = {3668337},
       DOI = {10.1007/978-3-319-58187-3\_12},
       URL = {https://doi.org/10.1007/978-3-319-58187-3_12},
}

@incollection {MR1955948,
    AUTHOR = {Lyngs\o, Rune B. and Pedersen, Christian N. S.},
     TITLE = {The consensus string problem and the complexity of comparing
              hidden {M}arkov models},
      NOTE = {Special issue on computational biology 2002},
   JOURNAL = {J. Comput. System Sci.},
  FJOURNAL = {Journal of Computer and System Sciences},
    VOLUME = {65},
      YEAR = {2002},
    NUMBER = {3},
     PAGES = {545--569},
      ISSN = {0022-0000},
   MRCLASS = {60J10 (92D20)},
  MRNUMBER = {1955948},
MRREVIEWER = {Dominique L\'{e}pingle},
       DOI = {10.1016/S0022-0000(02)00009-0},
       URL = {https://doi.org/10.1016/S0022-0000(02)00009-0},
}

@article {MR202264,
    AUTHOR = {Baum, Leonard E. and Petrie, Ted},
     TITLE = {Statistical inference for probabilistic functions of finite
              state {M}arkov chains},
   JOURNAL = {Ann. Math. Statist.},
  FJOURNAL = {Annals of Mathematical Statistics},
    VOLUME = {37},
      YEAR = {1966},
     PAGES = {1554--1563},
      ISSN = {0003-4851},
   MRCLASS = {62.85},
  MRNUMBER = {202264},
MRREVIEWER = {K. Dietz},
       DOI = {10.1214/aoms/1177699147},
       URL = {https://doi.org/10.1214/aoms/1177699147},
}

@inproceedings {MR0337828,
    AUTHOR = {Erd\H{o}s, P. and Selfridge, J. L.},
     TITLE = {Complete prime subsets of consecutive integers},
 BOOKTITLE = {Proceedings of the {M}anitoba {C}onference on {N}umerical
              {M}athematics ({U}niv. {M}anitoba, {W}innipeg, {M}an., 1971)},
     PAGES = {1--14},
      YEAR = {1971},
   MRCLASS = {10H15},
  MRNUMBER = {0337828},
MRREVIEWER = {S. Ikehara},
note={\url{https://www.renyi.hu/~p_erdos/1971-03.pdf}},
}
@article {MR1673087,
    AUTHOR = {Sertoz, S.},
     TITLE = {On the number of solutions of the {D}iophantine equation of
              {F}robenius},
   JOURNAL = {Diskret. Mat.},
  FJOURNAL = {Diskretnaya Matematika},
    VOLUME = {10},
      YEAR = {1998},
    NUMBER = {2},
     PAGES = {62--71},
      ISSN = {0234-0860},
   MRCLASS = {11D72 (11B75 11D04)},
  MRNUMBER = {1673087},
MRREVIEWER = {Eugene M. Matveev},
       DOI = {10.1515/dma.1998.8.2.153},
       URL = {https://doi.org/10.1515/dma.1998.8.2.153},
}
@article {MR1775198,
    AUTHOR = {Tripathi, Amitabha},
     TITLE = {The number of solutions to {$ax+by=n$}},
   JOURNAL = {Fibonacci Quart.},
  FJOURNAL = {The Fibonacci Quarterly. The Official Journal of the Fibonacci
              Association},
    VOLUME = {38},
      YEAR = {2000},
    NUMBER = {4},
     PAGES = {290--293},
      ISSN = {0015-0517},
   MRCLASS = {11D45 (11D04)},
  MRNUMBER = {1775198},
MRREVIEWER = {Dimitrios Poulakis},
}
@article{popoviciu,
author={Tiberiu Popoviciu},
title={Asupra unei probleme de partitie a numerelor},
journal={Academia Republicii Populare Române, Studii şi Cercetări de Matematică (Cluj)},
volume={4},
number={1--2},
year={1953},
pages={7--58}
}

@article{Beck2002AnEO,
  title={An extension of the Frobenius coin-exchange problem},
  author={Matthias Beck and Sinai Robins},
  journal={arXiv: Number Theory},
  year={2002}
}

@incollection {MR2044510,
    AUTHOR = {Beck, Matthias and Robins, Sinai},
     TITLE = {A formula related to the {F}robenius problem in two
              dimensions},
 BOOKTITLE = {Number theory ({N}ew {Y}ork, 2003)},
     PAGES = {17--23},
 PUBLISHER = {Springer, New York},
      YEAR = {2004},
   MRCLASS = {11D04 (11D45 11D85)},
  MRNUMBER = {2044510},
MRREVIEWER = {Ali Sinan Sert\"{o}z},
}

@article {MR0162838,
    AUTHOR = {Lyndon, R. C. and Sch{\"u}tzenberger, M. P.},
     TITLE = {The equation {$a^{M}=b^{N}c^{P}$} in a free group},
   JOURNAL = {Michigan Math. J.},
  FJOURNAL = {The Michigan Mathematical Journal},
    VOLUME = {9},
      YEAR = {1962},
     PAGES = {289--298},
      ISSN = {0026-2285},
   MRCLASS = {20.10},
  MRNUMBER = {0162838 (29 \#142)},
MRREVIEWER = {M. Greendlinger},
}

@article {Calude,
    AUTHOR = {Calude, Cristian S. and Salomaa, Kai and Roblot, Tania K.},
     TITLE = {Finite state complexity},
   JOURNAL = {Theoret. Comput. Sci.},
  FJOURNAL = {Theoretical Computer Science},
    VOLUME = {412},
      YEAR = {2011},
    NUMBER = {41},
     PAGES = {5668--5677},
      ISSN = {0304-3975},
     CODEN = {TCSDI},
   MRCLASS = {68Q30 (68Q45)},
  MRNUMBER = {2866563},
MRREVIEWER = {Marius Zimand},
       DOI = {10.1016/j.tcs.2011.06.021},
       URL = {http://dx.doi.org/10.1016/j.tcs.2011.06.021},
}
@article{ThueTwo,
    author = {A. Thue},
     title = {{\"U}ber die gegenseitige {L}age gleicher {T}eile gewisser {Z}eichenreihen},
   journal = {Norske Vid. Skrifter I Mat.-Nat. Kl., Christiania},
    volume = {1},
      year = {1912},
     pages = {1-–67},
}

@preamble{
   "\def\cprime{$'$} "
}

@article {MR0429728,
    AUTHOR = {Dekking, F. M.},
     TITLE = {On repetitions of blocks in binary sequences},
   JOURNAL = {J. Combinatorial Theory Ser. A},
  FJOURNAL = {Journal of Combinatorial Theory. Series A},
    VOLUME = {20},
      YEAR = {1976},
    NUMBER = {3},
     PAGES = {292--299},
   MRCLASS = {10A40},
  MRNUMBER = {0429728 (55 \#2739)},
MRREVIEWER = {Jau Shyong Shiue},
}

@MastersThesis{MFE,
    author = {Amirarsalan Pakravan and Babak Saadat},
     title = {{Nondeterministic finite state complexity and option pricing}},
    school = {University of Hawaii at Manoa},
   address = {University of Hawaii at Manoa, U.S.A.},
      year = {2013},
}

@book {MR2732288,
    AUTHOR = {Downey, Rodney G. and Hirschfeldt, Denis R.},
     TITLE = {Algorithmic randomness and complexity},
    SERIES = {Theory and Applications of Computability},
 PUBLISHER = {Springer},
   ADDRESS = {New York},
      YEAR = {2010},
     PAGES = {xxviii+855},
      ISBN = {978-0-387-95567-4},
   MRCLASS = {03-02 (03D32 03D80 28A80 60-08 60G46)},
  MRNUMBER = {2732288 (2012g:03001)},
MRREVIEWER = {Bj{\o}rn Kjos-Hanssen},
       DOI = {10.1007/978-0-387-68441-3},
       URL = {http://dx.doi.org/10.1007/978-0-387-68441-3},
}

@inproceedings{allender,
	author = {{Allender}, Eric},
	title = {The Complexity of Complexity},
	booktitle = {Computability and Complexity Symposium in honor of Rodney G.~Downey's 60th Birthday},
	series = {Lecture Notes in Computer Science},
	volume={10010},
	publisher={Springer},
	place={Berlin},
	year={2017},
	pages={79--94},
}

@article {MR0151376,
    AUTHOR = {Bar-Hillel, Y. and Perles, M. and Shamir, E.},
     TITLE = {On formal properties of simple phrase structure grammars},
   JOURNAL = {Z. Phonetik Sprachwiss. Kommunikat.},
    VOLUME = {14},
      YEAR = {1961},
     PAGES = {143--172},
   MRCLASS = {02.75},
  MRNUMBER = {0151376 (27 \#1361)},
}

@article {MR0233645,
    AUTHOR = {Ogden, William},
     TITLE = {A helpful result for proving inherent ambiguity},
   JOURNAL = {Math. Systems Theory},
  FJOURNAL = {Mathematical Systems Theory. An International Journal on
              Mathematical Computing Theory},
    VOLUME = {2},
      YEAR = {1968},
     PAGES = {191--194},
      ISSN = {0025-5661},
   MRCLASS = {94.50 (02.00)},
  MRNUMBER = {0233645 (38 \#1966)},
MRREVIEWER = {S. Ginsburg},
}

@article {MR825639,
    AUTHOR = {Berstel, Jean},
     TITLE = {Every iterated morphism yields a co-{CFL}},
   JOURNAL = {Inform. Process. Lett.},
  FJOURNAL = {Information Processing Letters},
    VOLUME = {22},
      YEAR = {1986},
    NUMBER = {1},
     PAGES = {7--9},
      ISSN = {0020-0190},
     CODEN = {IFPLAT},
   MRCLASS = {68Q45},
  MRNUMBER = {825639 (87e:68055)},
       DOI = {10.1016/0020-0190(86)90034-7},
       URL = {http://dx.doi.org/10.1016/0020-0190(86)90034-7},
}

@article {MR2883055,
    AUTHOR = {Yamakami, Tomoyuki},
     TITLE = {Immunity and pseudorandomness of context-free languages},
   JOURNAL = {Theoret. Comput. Sci.},
  FJOURNAL = {Theoretical Computer Science},
    VOLUME = {412},
      YEAR = {2011},
    NUMBER = {45},
     PAGES = {6432--6450},
      ISSN = {0304-3975},
     CODEN = {TCSDI},
   MRCLASS = {68Q45},
  MRNUMBER = {2883055 (2012j:68169)},
       DOI = {10.1016/j.tcs.2011.07.013},
       URL = {http://dx.doi.org/10.1016/j.tcs.2011.07.013},
}

@article {MR908480,
    AUTHOR = {Wagner, Klaus W.},
     TITLE = {More complicated questions about maxima and minima, and some
              closures of {NP}},
   JOURNAL = {Theoret. Comput. Sci.},
  FJOURNAL = {Theoretical Computer Science},
    VOLUME = {51},
      YEAR = {1987},
    NUMBER = {1-2},
     PAGES = {53--80},
      ISSN = {0304-3975},
     CODEN = {TCSDI},
   MRCLASS = {68Q15 (03D15)},
  MRNUMBER = {908480 (88k:68032)},
MRREVIEWER = {Robert E. Byerly},
       DOI = {10.1016/0304-3975(87)90049-1},
       URL = {http://dx.doi.org/10.1016/0304-3975(87)90049-1},
}

@article {MR928769,
    AUTHOR = {K{\"o}bler, Johannes and Sch{\"o}ning, Uwe and Wagner, Klaus
              W.},
     TITLE = {The difference and truth-table hierarchies for {NP}},
   JOURNAL = {RAIRO Inform. Th\'eor. Appl.},
  FJOURNAL = {RAIRO Informatique Th\'eorique et Applications},
    VOLUME = {21},
      YEAR = {1987},
    NUMBER = {4},
     PAGES = {419--435},
      ISSN = {0296-1598},
   MRCLASS = {03D15 (03D20 68Q15 68Q25)},
  MRNUMBER = {928769 (89g:03058)},
MRREVIEWER = {Andreas Blass},
}

@article {MR1030659,
    AUTHOR = {Hemachandra, Lane A.},
     TITLE = {The strong exponential hierarchy collapses},
   JOURNAL = {J. Comput. System Sci.},
  FJOURNAL = {Journal of Computer and System Sciences},
    VOLUME = {39},
      YEAR = {1989},
    NUMBER = {3},
     PAGES = {299--322},
      ISSN = {0022-0000},
     CODEN = {JCSSBM},
   MRCLASS = {68Q15 (03D15 03D20 03D55 68Q05)},
  MRNUMBER = {1030659 (91d:68035)},
MRREVIEWER = {Jos{\'e} L. Balc{\'a}zar},
       DOI = {10.1016/0022-0000(89)90025-1},
       URL = {http://dx.doi.org/10.1016/0022-0000(89)90025-1},
}

@article {MR1097264,
    AUTHOR = {Buss, Samuel R. and Hay, Louise},
     TITLE = {On truth-table reducibility to {SAT}},
   JOURNAL = {Inform. and Comput.},
  FJOURNAL = {Information and Computation},
    VOLUME = {91},
      YEAR = {1991},
    NUMBER = {1},
     PAGES = {86--102},
      ISSN = {0890-5401},
   MRCLASS = {03D15 (03D30 68Q15)},
  MRNUMBER = {1097264 (92c:03043)},
MRREVIEWER = {Decheng Ding},
       DOI = {10.1016/0890-5401(91)90075-D},
       URL = {http://dx.doi.org/10.1016/0890-5401(91)90075-D},
}

@article {MR972671,
    AUTHOR = {Cai, Jin-Yi and Gundermann, Thomas and Hartmanis, Juris and
              Hemachandra, Lane A. and Sewelson, Vivian and Wagner, Klaus
              and Wechsung, Gerd},
     TITLE = {The {B}oolean hierarchy. {I}. {S}tructural properties},
   JOURNAL = {SIAM J. Comput.},
  FJOURNAL = {SIAM Journal on Computing},
    VOLUME = {17},
      YEAR = {1988},
    NUMBER = {6},
     PAGES = {1232--1252},
      ISSN = {0097-5397},
     CODEN = {SMJCAT},
   MRCLASS = {68Q15 (03D15 03D55)},
  MRNUMBER = {972671 (90e:68035)},
MRREVIEWER = {Gerhard Lischke},
       DOI = {10.1137/0217078},
       URL = {http://dx.doi.org/10.1137/0217078},
}

@incollection {MR821265,
    AUTHOR = {Wechsung, Gerd},
     TITLE = {On the {B}oolean closure of {NP}},
 BOOKTITLE = {Fundamentals of computation theory ({C}ottbus, 1985)},
    SERIES = {Lecture Notes in Comput. Sci.},
    VOLUME = {199},
     PAGES = {485--493},
 PUBLISHER = {Springer, Berlin},
      YEAR = {1985},
   MRCLASS = {03D15 (68Q15)},
  MRNUMBER = {821265},
       DOI = {10.1007/BFb0028832},
       URL = {http://dx.doi.org/10.1007/BFb0028832},
}

@article {MR760546,
    AUTHOR = {Papadimitriou, C. H. and Yannakakis, M.},
     TITLE = {The complexity of facets (and some facets of complexity)},
   JOURNAL = {J. Comput. System Sci.},
  FJOURNAL = {Journal of Computer and System Sciences},
    VOLUME = {28},
      YEAR = {1984},
    NUMBER = {2},
     PAGES = {244--259},
      ISSN = {0022-0000},
     CODEN = {JCSSBM},
   MRCLASS = {68Q15 (03D15 05C99 90B10)},
  MRNUMBER = {760546 (86k:68030)},
MRREVIEWER = {K. G. Murty},
       DOI = {10.1016/0022-0000(84)90068-0},
       URL = {http://dx.doi.org/10.1016/0022-0000(84)90068-0},
}

@article {MR727739,
    AUTHOR = {Blass, Andreas and Gurevich, Yuri},
     TITLE = {On the unique satisfiability problem},
   JOURNAL = {Inform. and Control},
  FJOURNAL = {Information and Control},
    VOLUME = {55},
      YEAR = {1982},
    NUMBER = {1-3},
     PAGES = {80--88},
      ISSN = {0019-9958},
     CODEN = {IFCNA4},
   MRCLASS = {68Q15 (03B05 03D15 68Q25)},
  MRNUMBER = {727739 (85c:68020)},
MRREVIEWER = {E. Dantzin},
       DOI = {10.1016/S0019-9958(82)90439-9},
       URL = {http://dx.doi.org/10.1016/S0019-9958(82)90439-9},
}

@article{MR3386523,
	Author = {Hyde, Kayleigh K. and Kjos-Hanssen, Bj{\o}rn},
	Fjournal = {Electronic Journal of Combinatorics},
	Issn = {1077-8926},
	Journal = {Electron. J. Combin.},
	Mrclass = {68R15 (68Q05 68Q30)},
	Mrnumber = {3386523},
	Mrreviewer = {Marius Zimand},
	Number = {3},
	Note = {Paper 3.22, 18},
	Title = {Nondeterministic automatic complexity of overlap-free and almost square-free words},
	Volume = {22},
	Year = {2015}}

article {Kjos-EJC,
    AUTHOR = {Hyde, Kayleigh K. and Kjos-Hanssen, Bj{\o}rn},
     TITLE = {Nondeterministic automatic complexity of overlap-free and
              almost square-free words},
   JOURNAL = {Electron. J. Combin.},
  FJOURNAL = {Electronic Journal of Combinatorics},
    VOLUME = {22},
      YEAR = {2015},
    NUMBER = {3},
     PAGES = {Paper 3.22, 18},
      ISSN = {1077-8926},
   MRCLASS = {68R15 (68Q05 68Q30)},
  MRNUMBER = {3386523},
MRREVIEWER = {Marius Zimand},
}
@article {MR1202141,
    AUTHOR = {Pitt, Leonard and Warmuth, Manfred K.},
     TITLE = {The minimum consistent {DFA} problem cannot be approximated
              within any polynomial},
   JOURNAL = {J. Assoc. Comput. Mach.},
  FJOURNAL = {Journal of the Association for Computing Machinery},
    VOLUME = {40},
      YEAR = {1993},
    NUMBER = {1},
     PAGES = {95--142},
      ISSN = {0004-5411},
     CODEN = {JACOAH},
   MRCLASS = {68Q70},
  MRNUMBER = {1202141 (94e:68128)},
MRREVIEWER = {Boles{\l}aw Miko{\l}ajczak},
       DOI = {10.1145/138027.138042},
       URL = {http://dx.doi.org/10.1145/138027.138042},
}

@article {MR3305960,
    AUTHOR = {Fernau, Henning and Heggernes, Pinar and Villanger, Yngve},
     TITLE = {A multi-parameter analysis of hard problems on deterministic
              finite automata},
   JOURNAL = {J. Comput. System Sci.},
  FJOURNAL = {Journal of Computer and System Sciences},
    VOLUME = {81},
      YEAR = {2015},
    NUMBER = {4},
     PAGES = {747--765},
      ISSN = {0022-0000},
   MRCLASS = {68Q17 (68Q25 68Q32 68Q45)},
  MRNUMBER = {3305960},
MRREVIEWER = {Andreas Maletti},
       DOI = {10.1016/j.jcss.2014.12.027},
       URL = {http://dx.doi.org/10.1016/j.jcss.2014.12.027},
}

@article {MR523447,
    AUTHOR = {Angluin, Dana},
     TITLE = {On the complexity of minimum inference of regular sets},
   JOURNAL = {Inform. and Control},
  FJOURNAL = {Information and Control},
    VOLUME = {39},
      YEAR = {1978},
    NUMBER = {3},
     PAGES = {337--350},
      ISSN = {0019-9958},
     CODEN = {IFCNA4},
   MRCLASS = {68C25},
  MRNUMBER = {523447 (80k:68025)},
MRREVIEWER = {I. Hal Sudborough},
       DOI = {10.1016/S0019-9958(78)90683-6},
       URL = {http://dx.doi.org/10.1016/S0019-9958(78)90683-6},
}

@article {MR0495194,
    AUTHOR = {Gold, E. Mark},
     TITLE = {Complexity of automaton identification from given data},
   JOURNAL = {Inform. and Control},
  FJOURNAL = {Information and Computation},
    VOLUME = {37},
      YEAR = {1978},
    NUMBER = {3},
     PAGES = {302--320},
      ISSN = {0890-5401},
   MRCLASS = {68A20 (94A30)},
  MRNUMBER = {0495194 (58 \#13925)},
MRREVIEWER = {K. Wagner},
}

@preamble{
   "\def\cprime{$'$} "
}
@book {MR0351686,
    AUTHOR = {Trakhtenbrot, B. A. and Barzdin{\cprime}, Ya. M.},
     TITLE = {Finite automata},
      NOTE = {Behavior and synthesis,
              Translated from the Russian by D. Louvish,
              English translation edited by E. Shamir and L. H. Landweber,
              Fundamental Studies in Computer Science, Vol. 1},
 PUBLISHER = {North-Holland Publishing Co., Amsterdam-London; American
              Elsevier Publishing Co., Inc., New York},
      YEAR = {1973},
     PAGES = {xi+321},
   MRCLASS = {94A30},
  MRNUMBER = {0351686 (50 \#4174)},
}

@book{Sipser:13,
 author = {Sipser, Michael},
 title = {Instructor's Solutions Manual: Introduction to the Theory of Computation},
 year = {2013},
 isbn = {978-1-133-18865-0},
 edition = {3rd},
 publisher = {Cengage Learning},
}

@article{diwan1986new,
  title={A new combinatorial complexity measure for languages},
  author={Diwan, Ajit A},
  journal={Tata Institute, Bombay, India},
  year={1986}
}

@MISC{planarfinite,
    author = {Ivona Bezáková and Martin Pál},
    title = {Planar Finite Automata},
    year = {1999}
}

@article {MR1409007,
    AUTHOR = {Shallit, Jeffrey and Breitbart, Yuri},
     TITLE = {Automaticity. {I}. {P}roperties of a measure of descriptional
              complexity},
   JOURNAL = {J. Comput. System Sci.},
  FJOURNAL = {Journal of Computer and System Sciences},
    VOLUME = {53},
      YEAR = {1996},
    NUMBER = {1},
     PAGES = {10--25},
      ISSN = {0022-0000},
   MRCLASS = {68Q15 (68Q30 68Q45 68Q68)},
  MRNUMBER = {1409007},
MRREVIEWER = {George Tourlakis},
       DOI = {10.1006/jcss.1996.0046},
       URL = {https://doi.org/10.1006/jcss.1996.0046},
}
@article {MR1192932,
    AUTHOR = {Bousquet-M\'{e}lou, Mireille},
     TITLE = {The number of minimal word chains computing the {T}hue-{M}orse
              word},
   JOURNAL = {Inform. Process. Lett.},
  FJOURNAL = {Information Processing Letters},
    VOLUME = {44},
      YEAR = {1992},
    NUMBER = {2},
     PAGES = {57--64},
      ISSN = {0020-0190},
   MRCLASS = {68R15},
  MRNUMBER = {1192932},
MRREVIEWER = {Anton \v{C}ern\'{y}},
       DOI = {10.1016/0020-0190(92)90186-Y},
       URL = {https://doi.org/10.1016/0020-0190(92)90186-Y},
}
@article {MR1059992,
    AUTHOR = {Alth\"{o}fer, Ingo},
     TITLE = {Tight lower bounds on the length of word chains},
   JOURNAL = {Inform. Process. Lett.},
  FJOURNAL = {Information Processing Letters},
    VOLUME = {34},
      YEAR = {1990},
    NUMBER = {5},
     PAGES = {275--276},
      ISSN = {0020-0190},
   MRCLASS = {68Q25 (68R15)},
  MRNUMBER = {1059992},
       DOI = {10.1016/0020-0190(90)90136-L},
       URL = {https://doi.org/10.1016/0020-0190(90)90136-L},
}
@article {MR1027027,
    AUTHOR = {Arnold, A. and Brlek, S.},
     TITLE = {Optimal word chains for the {T}hue-{M}orse word},
   JOURNAL = {Inform. and Comput.},
  FJOURNAL = {Information and Computation},
    VOLUME = {83},
      YEAR = {1989},
    NUMBER = {2},
     PAGES = {140--151},
      ISSN = {0890-5401},
   MRCLASS = {68R15 (68Q99)},
  MRNUMBER = {1027027},
MRREVIEWER = {Anton \v{C}ern\'{y}},
       DOI = {10.1016/0890-5401(89)90056-4},
       URL = {https://doi.org/10.1016/0890-5401(89)90056-4},
}
@article {MR984012,
    AUTHOR = {Roth, Peter},
     TITLE = {A note on word chains and regular languages},
   JOURNAL = {Inform. Process. Lett.},
  FJOURNAL = {Information Processing Letters},
    VOLUME = {30},
      YEAR = {1989},
    NUMBER = {1},
     PAGES = {15--18},
      ISSN = {0020-0190},
   MRCLASS = {68Q45},
  MRNUMBER = {984012},
       DOI = {10.1016/0020-0190(89)90167-1},
       URL = {https://doi.org/10.1016/0020-0190(89)90167-1},
}
@article {MR908568,
    AUTHOR = {Berstel, Jean and Brlek, Sre\v{c}ko},
     TITLE = {On the length of word chains},
   JOURNAL = {Inform. Process. Lett.},
  FJOURNAL = {Information Processing Letters},
    VOLUME = {26},
      YEAR = {1987},
    NUMBER = {1},
     PAGES = {23--28},
      ISSN = {0020-0190},
   MRCLASS = {68Q45 (05A15 20M35)},
  MRNUMBER = {908568},
MRREVIEWER = {Andr\'{e} Lentin},
       DOI = {10.1016/0020-0190(87)90031-7},
       URL = {https://doi.org/10.1016/0020-0190(87)90031-7},
}

@article {MR0202264,
    AUTHOR = {Baum, Leonard E. and Petrie, Ted},
     TITLE = {Statistical inference for probabilistic functions of finite
              state {M}arkov chains},
   JOURNAL = {Ann. Math. Statist.},
  FJOURNAL = {Annals of Mathematical Statistics},
    VOLUME = {37},
      YEAR = {1966},
     PAGES = {1554--1563},
      ISSN = {0003-4851},
   MRCLASS = {62.85},
  MRNUMBER = {0202264 (34 \#2137)},
MRREVIEWER = {K. Dietz},
}
@unpublished{Chambers,
author={Chambers, Patrick},
title={Automatic complexity of doubletons},
note={Verbal presentation as a final exam for MATH 657, University of Hawaii at M\=anoa, Spring 2014.}
}
@article {MR3429064,
    AUTHOR = {Kjos-Hanssen, Bj{\o}rn},
     TITLE = {Kolmogorov structure functions for automatic complexity},
   JOURNAL = {Theoret. Comput. Sci.},
  FJOURNAL = {Theoretical Computer Science},
    VOLUME = {607},
      YEAR = {2015},
     PAGES = {435--445},
      ISSN = {0304-3975,1879-2294},
   MRCLASS = {68Q30 (62B10)},
  MRNUMBER = {3429064},
MRREVIEWER = {Ilia\ Nouretdinov},
       DOI = {10.1016/j.tcs.2015.05.052},
       URL = {https://doi.org/10.1016/j.tcs.2015.05.052},
}

@article {Moscow,
author={Kolmogorov, Andrei},
     TITLE = {Meetings of the {M}oscow {M}athematical {S}ociety},
   JOURNAL = {Uspehi Mat. Nauk},
  FJOURNAL = {Akademiya Nauk SSSR i Moskovskoe Matematicheskoe Obshchestvo.
              Uspekhi Matematicheskikh Nauk},
    VOLUME = {29},
      YEAR = {1974},
    NUMBER = {4(178)},
     PAGES = {153--160},
}

@article {LeGonidec:12,
    AUTHOR = {Le Gonidec, Marion},
     TITLE = {On the complexity of a family of {$k$}-context-free sequences},
   JOURNAL = {Theoret. Comput. Sci.},
  FJOURNAL = {Theoretical Computer Science},
    VOLUME = {414},
      YEAR = {2012},
     PAGES = {47--54},
      ISSN = {0304-3975},
     CODEN = {TCSDI},
   MRCLASS = {11B85 (68Q45 68R15)},
  MRNUMBER = {2896582},
MRREVIEWER = {Michel Rigo},
       DOI = {10.1016/j.tcs.2011.09.022},
       URL = {http://dx.doi.org/10.1016/j.tcs.2011.09.022},
}
		
@article {LeGonidec:08,
    AUTHOR = {Le Gonidec, Marion},
     TITLE = {On complexity functions of infinite words associated with
              generalized {D}yck languages},
   JOURNAL = {Theoret. Comput. Sci.},
  FJOURNAL = {Theoretical Computer Science},
    VOLUME = {407},
      YEAR = {2008},
    NUMBER = {1-3},
     PAGES = {117--133},
      ISSN = {0304-3975},
     CODEN = {TCSDI},
   MRCLASS = {68R15 (68Q45)},
  MRNUMBER = {2463002 (2009m:68203)},
MRREVIEWER = {Jean-Paul Allouche},
       DOI = {10.1016/j.tcs.2008.05.015},
       URL = {http://dx.doi.org/10.1016/j.tcs.2008.05.015},
}

@article {StaigerTCS,
    AUTHOR = {Staiger, Ludwig},
     TITLE = {The {K}olmogorov complexity of infinite words},
   JOURNAL = {Theoret. Comput. Sci.},
  FJOURNAL = {Theoretical Computer Science},
    VOLUME = {383},
      YEAR = {2007},
    NUMBER = {2-3},
     PAGES = {187--199},
      ISSN = {0304-3975},
     CODEN = {TCSDI},
   MRCLASS = {68Q30 (68Q45)},
  MRNUMBER = {2350790 (2008g:68052)},
       DOI = {10.1016/j.tcs.2007.04.013},
       URL = {http://dx.doi.org/10.1016/j.tcs.2007.04.013},
}

@misc{links/SF,
        author = {{Bj{\o}rn Kjos-Hanssen}},
        title = {{Structure} {F}unction {C}alculator},
        howpublished={\url{http://math.hawaii.edu/wordpress/bjoern/structure-function-calculator/}},
        day = {21},
        month = {July},
        year = {2015}
}

@article {MR2103496,
    AUTHOR = {Vereshchagin, Nikolai K. and Vit{\'a}nyi, Paul M. B.},
     TITLE = {Kolmogorov's structure functions and model selection},
   JOURNAL = {IEEE Trans. Inform. Theory},
  FJOURNAL = {Institute of Electrical and Electronics Engineers.
              Transactions on Information Theory},
    VOLUME = {50},
      YEAR = {2004},
    NUMBER = {12},
     PAGES = {3265--3290},
      ISSN = {0018-9448},
     CODEN = {IETTAW},
   MRCLASS = {62A01},
  MRNUMBER = {2103496 (2005i:62014)},
MRREVIEWER = {Kurt Marti},
       DOI = {10.1109/TIT.2004.838346},
       URL = {http://dx.doi.org/10.1109/TIT.2004.838346},
}

@incollection {COCOA:14,
    AUTHOR = {Kjos-Hanssen, Bj{\o}rn},
     TITLE = {Kolmogorov structure functions for nondeterministic automatic complexity in computational statistics},
 BOOKTITLE = {{C}{O}{C}{O}{A} 2014},
    SERIES = {Lecture Notes in Comput. Sci.},
    VOLUME = {8881},
     PAGES = {652--665},
 PUBLISHER = {Springer, Heidelberg},
      YEAR = {2014},
}

@preamble{
   "\def\cprime{$'$} "
}
@article {MR0220693,
    AUTHOR = {Gel{\cprime}fond, A. O.},
     TITLE = {Sur les nombres qui ont des propri\'et\'es additives et
              multiplicatives donn\'ees},
   JOURNAL = {Acta Arith.},
  FJOURNAL = {Polska Akademia Nauk. Instytut Matematyczny. Acta Arithmetica},
    VOLUME = {13},
      YEAR = {1967/1968},
     PAGES = {259--265},
      ISSN = {0065-1036},
   MRCLASS = {10.63},
  MRNUMBER = {0220693 (36 \#3745)},
MRREVIEWER = {P. Erd{\"o}s},
}

@article {MR1975762,
    AUTHOR = {Kucherov, Gregory and Ochem, Pascal and Rao, Micha{\"e}l},
     TITLE = {How many square occurrences must a binary sequence contain?},
   JOURNAL = {Electron. J. Combin.},
  FJOURNAL = {Electronic Journal of Combinatorics},
    VOLUME = {10},
      YEAR = {2003},
     PAGES = {Research Paper 12, 11 pp. (electronic)},
      ISSN = {1077-8926},
   MRCLASS = {05A15},
  MRNUMBER = {1975762 (2004a:05011)},
MRREVIEWER = {Robert J. Simpson},
       URL =
              {http://www.combinatorics.org/Volume_10/Abstracts/v10i1r12.html},
}

@article{Thue1,
    author = {A. Thue},
     title = {{\"U}ber unendliche Zeichenreihen},
   journal = {Norske Vid. Skrifter I Mat.-Nat. Kl., Christiania},
    volume = {7},
      year = {1906},
     pages = {1–-22},
}

@article{Thue2,
    author = {A. Thue},
     title = {{\"U}ber die gegenseitige Lage gleicher Teile gewisser Zeichenreihen},
   journal = {Norske Vid. Skrifter I Mat.-Nat. Kl., Christiania},
    volume = {1},
      year = {1912},
     pages = {1-–67},
}

@article {MR1309124,
    AUTHOR = {Fraenkel, Aviezri S. and Simpson, R. Jamie},
     TITLE = {How many squares must a binary sequence contain?},
   JOURNAL = {Electron. J. Combin.},
  FJOURNAL = {Electronic Journal of Combinatorics},
    VOLUME = {2},
      YEAR = {1995},
     PAGES = {Research Paper 2, approx.\ 9 pp.\ (electronic)},
      ISSN = {1077-8926},
   MRCLASS = {11B83 (05A99)},
  MRNUMBER = {1309124 (96b:11023)},
MRREVIEWER = {{\'A}kos Pint{\'e}r},
       URL = {http://www.combinatorics.org/Volume_2/Abstracts/v2i1r2.html},
}

@article {MR0429728,
    AUTHOR = {Dekking, F. M.},
     TITLE = {On repetitions of blocks in binary sequences},
   JOURNAL = {J. Combinatorial Theory Ser. A},
  FJOURNAL = {Journal of Combinatorial Theory. Series A},
    VOLUME = {20},
      YEAR = {1976},
    NUMBER = {3},
     PAGES = {292--299},
   MRCLASS = {10A40},
  MRNUMBER = {0429728 (55 \#2739)},
MRREVIEWER = {Jau Shyong Shiue},
}

@article {Schilling,
    AUTHOR = {Schilling, Mark F.},
     TITLE = {The longest run of heads},
   JOURNAL = {College Math. J.},
  FJOURNAL = {The College Mathematics Journal},
    VOLUME = {21},
      YEAR = {1990},
    NUMBER = {3},
     PAGES = {196--207},
      ISSN = {0746-8342},
   MRCLASS = {60C05 (05A05)},
  MRNUMBER = {1070635},
       DOI = {10.2307/2686886},
       URL = {http://dx.doi.org/10.2307/2686886},
}

@article {Astola:06,
    AUTHOR = {Ryabko, Boris and Astola, Jaakko and Gammerman, Alex},
     TITLE = {Application of {K}olmogorov complexity and universal codes to
              identity testing and nonparametric testing of serial
              independence for time series},
   JOURNAL = {Theoret. Comput. Sci.},
  FJOURNAL = {Theoretical Computer Science},
    VOLUME = {359},
      YEAR = {2006},
    NUMBER = {1-3},
     PAGES = {440--448},
      ISSN = {0304-3975},
     CODEN = {TCSDI},
   MRCLASS = {62A01 (62G10 62M07 62M09 68Q30 94A29)},
  MRNUMBER = {2252209 (2007j:62006)},
MRREVIEWER = {Pavel T. Stoynov},
       DOI = {10.1016/j.tcs.2006.06.004},
       URL = {http://dx.doi.org/10.1016/j.tcs.2006.06.004},
}
@article {LeGonidec:12,
    AUTHOR = {Le Gonidec, Marion},
     TITLE = {On the complexity of a family of {$k$}-context-free sequences},
   JOURNAL = {Theoret. Comput. Sci.},
  FJOURNAL = {Theoretical Computer Science},
    VOLUME = {414},
      YEAR = {2012},
     PAGES = {47--54},
      ISSN = {0304-3975},
     CODEN = {TCSDI},
   MRCLASS = {11B85 (68Q45 68R15)},
  MRNUMBER = {2896582},
MRREVIEWER = {Michel Rigo},
       DOI = {10.1016/j.tcs.2011.09.022},
       URL = {http://dx.doi.org/10.1016/j.tcs.2011.09.022},
}
		
@article {LeGonidec:08,
    AUTHOR = {Le Gonidec, Marion},
     TITLE = {On complexity functions of infinite words associated with
              generalized {D}yck languages},
   JOURNAL = {Theoret. Comput. Sci.},
  FJOURNAL = {Theoretical Computer Science},
    VOLUME = {407},
      YEAR = {2008},
    NUMBER = {1-3},
     PAGES = {117--133},
      ISSN = {0304-3975},
     CODEN = {TCSDI},
   MRCLASS = {68R15 (68Q45)},
  MRNUMBER = {2463002 (2009m:68203)},
MRREVIEWER = {Jean-Paul Allouche},
       DOI = {10.1016/j.tcs.2008.05.015},
       URL = {http://dx.doi.org/10.1016/j.tcs.2008.05.015},
}

@misc{links/SF,
        author = {{Bj{\o}rn Kjos-Hanssen}},
        title = {{Structure} {F}unction for {R}un {C}omplexity},
        howpublished={\url{http://kjos-hanssen.appspot.com/structure-function}},
        day = {31},
        month = {July},
        year = {2014}
}

@incollection {COCOON:23,
    AUTHOR = {Kjos-Hanssen, Bj{\o}rn},
     TITLE = {Conditional automatic complexity and its metrics},
 BOOKTITLE = {{C}{O}{C}{O}{O}{N} 2023},
    SERIES = {Lecture Notes in Comput. Sci.},
    VOLUME = {TBA},
     PAGES = {TBA},
 PUBLISHER = {Springer, Cham},
      YEAR = {2023},
     notes = {arXiv 1402.3856},
}

@incollection {COCOON:14,
    AUTHOR = {Kjos-Hanssen, Bj{\o}rn and Hyde, Kayleigh},
     TITLE = {Nondeterministic automatic complexity of almost square-free and strongly cube-free words},
 BOOKTITLE = {{C}{O}{C}{O}{O}{N} 2014},
    SERIES = {Lecture Notes in Comput. Sci.},
    VOLUME = {8591},
     PAGES = {61--70},
 PUBLISHER = {Springer, Heidelberg},
      YEAR = {2014},
     notes = {arXiv 1402.3856},
}

@article {MR787496,
    AUTHOR = {Shelton, R. O. and Soni, R. P.},
     TITLE = {Chains and fixing blocks in irreducible binary sequences},
   JOURNAL = {Discrete Math.},
  FJOURNAL = {Discrete Mathematics},
    VOLUME = {54},
      YEAR = {1985},
    NUMBER = {1},
     PAGES = {93--99},
      ISSN = {0012-365X},
     CODEN = {DSMHA4},
   MRCLASS = {68Q45 (03D03 20M35)},
  MRNUMBER = {787496 (86h:68097)},
MRREVIEWER = {Jean Berstel},
       DOI = {10.1016/0012-365X(85)90065-2},
       URL = {http://dx.doi.org/10.1016/0012-365X(85)90065-2},
}
@article {MR2793891,
    AUTHOR = {Morgenbesser, Johannes F. and Shallit, Jeffrey and Stoll,
              Thomas},
     TITLE = {Thue-{M}orse at multiples of an integer},
   JOURNAL = {J. Number Theory},
  FJOURNAL = {Journal of Number Theory},
    VOLUME = {131},
      YEAR = {2011},
    NUMBER = {8},
     PAGES = {1498--1512},
      ISSN = {0022-314X},
     CODEN = {JNUTA9},
   MRCLASS = {11N25 (11A63 68R15)},
  MRNUMBER = {2793891 (2012f:11183)},
MRREVIEWER = {Kevin G. Hare},
       DOI = {10.1016/j.jnt.2011.02.006},
       URL = {http://dx.doi.org/10.1016/j.jnt.2011.02.006},
}
@preamble{
   "\def\cprime{$'$} "
}

@article{Thue2,
    author = {A. Thue},
     title = {{\"U}ber die gegenseitige Lage gleicher Teile gewisser Zeichenreihen},
   journal = {Norske Vid. Skrifter I Mat.-Nat. Kl., Christiania},
    volume = {1},
      year = {1912},
     pages = {1-–67},
}

@article {MR0429728,
    AUTHOR = {Dekking, F. M.},
     TITLE = {On repetitions of blocks in binary sequences},
   JOURNAL = {J. Combinatorial Theory Ser. A},
  FJOURNAL = {Journal of Combinatorial Theory. Series A},
    VOLUME = {20},
      YEAR = {1976},
    NUMBER = {3},
     PAGES = {292--299},
   MRCLASS = {10A40},
  MRNUMBER = {0429728 (55 \#2739)},
MRREVIEWER = {Jau Shyong Shiue},
}

@article {MR2142071,
    AUTHOR = {Rampersad, Narad and Shallit, Jeffrey and Wang, Ming-wei},
     TITLE = {Avoiding large squares in infinite binary words},
   JOURNAL = {Theoret. Comput. Sci.},
  FJOURNAL = {Theoretical Computer Science},
    VOLUME = {339},
      YEAR = {2005},
    NUMBER = {1},
     PAGES = {19--34},
      ISSN = {0304-3975},
     CODEN = {TCSDI},
   MRCLASS = {68R15 (05A05)},
  MRNUMBER = {2142071 (2006c:68151)},
MRREVIEWER = {V{\'e}ronique Bruy{\`e}re},
       DOI = {10.1016/j.tcs.2005.01.005},
       URL = {http://dx.doi.org/10.1016/j.tcs.2005.01.005},
}

@MastersThesis{Hyde,
    author = {Kayleigh Hyde},
     title = {{Nondeterministic finite state complexity}},
    school = {University of Hawaii at Manoa},
   address = {U.S.A.},
      year = {2013},
}
@MastersThesis{Alikhani,
    author = {Malihe Alikhani},
     title = {American option pricing and optimal stopping for success runs},
    school = {University of Hawaii at Manoa},
   address = {U.S.A.},
      year = {2013},
}
@article {Schilling,
    AUTHOR = {Schilling, Mark F.},
     TITLE = {The longest run of heads},
   JOURNAL = {College Math. J.},
  FJOURNAL = {The College Mathematics Journal},
    VOLUME = {21},
      YEAR = {1990},
    NUMBER = {3},
     PAGES = {196--207},
      ISSN = {0746-8342},
   MRCLASS = {60C05 (05A05)},
  MRNUMBER = {1070635},
       DOI = {10.2307/2686886},
       URL = {http://dx.doi.org/10.2307/2686886},
}
